2542 4102
492 189 766 242 FRAGMENTUM

463 461 682 520 FRAGMEN
687 462 797 519 TUM.

335 633 427 707 (Cod.
452 634 518 691 Vat.
537 633 604 689 Lat.
623 627 716 706 3361,
732 633 767 702 [1.
786 625 923 706 orosa)
1013 640 1015 646 '

152 764 284 837 Optatos
303 765 362 820 iarn
383 763 521 837 Euploea
538 764 613 820 mihi
632 764 827 836 circumspice
846 770 951 836 portus

112 848 181 920 Quo
202 850 312 921 passim
332 865 443 905 uacuas
464 848 552 904 liceat
571 848 731 921 disponere
749 864 854 905 nassas

112 935 180 1004 Quo
202 933 291 990 liceat
313 932 446 1005 trepidas
466 934 561 989 nassis
583 931 737 988 includere
759 931 887 1006 praedas

114 1018 153 1073 Et
168 1016 311 1090 Zephyris
327 1017 459 1073 releuare
476 1034 582 1091 graues
597 1016 782 1089 spirantibus
796 1016 906 1072 Aestus

111 1101 204 1175 Siqua
222 1112 322 1158 mouet
340 1101 481 1174 cupidam
499 1101 612 1158 uelocis
632 1101 730 1175 gratia
747 1100 878 1174 cymbae.

153 1187 261 1259 'l‘uque
278 1185 348 1242 ades
366 1205 382 1242 o
400 1187 494 1241 nostri
510 1202 623 1242 merces
639 1202 700 1241 non
718 1202 815 1258 parua
831 1184 942 1240 laboris

112 1271 211 1341 Quam
229 1270 367 1326 Phoebus
381 1270 464 1340 mihi,
480 1287 571 1344 quarn
585 1269 691 1326 doctae
705 1287 773 1325 mea
786 1268 875 1325 turba
889 1285 1006 1324 sorores

113 1354 295 1421 Conciliant,
312 1353 444 1428 dumque
461 1354 523 1427 ipse
540 1363 635 1410 ratem
653 1352 691 1408 de
707 1353 795 1408 litore
813 1353 893 1426 pello

116 1439 163 1494 l)a
179 1438 248 1494 uela
267 1440 430 1507 insinuans,
451 1438 618 1511 pelagoque
637 1454 761 1493 excurre
779 1437 896 1510 patenti

116 1524 186 1578 Pars
203 1524 320 1579 animae
341 1522 484 1579 Puderice
502 1541 593 1591 meae,
612 1532 640 1578 te
659 1540 728 1577 nam
745 1538 799 1578 sua
818 1520 935 1578 Nereus
1118 1520 1153 1574 10

113 1607 168 1662 Ρ61
186 1606 273 1677 uada,
293 1616 321 1662 te
339 1607 457 1681 liquido
476 1607 566 1663 Doris
584 1616 673 1663 uocat
691 1606 811 1662 aemula
827 1604 935 1674 fund0,

114 1691 195 1747 Dum
212 1691 272 1747 late
288 1690 472 1748 undisonum
488 1707 612 1764 campus
628 1691 734 1763 strepit
751 1690 848 1747 omnis
865 1706 1019 1763 aquarum.

154 1774 302 1831 Lucrinae
317 1775 355 1831 ad
372 1775 498 1831 Veneris
513 1774 653 1848 scopulos
668 1782 850 1830 conuenerat
864 1773 961 1831 omnis

112 1860 270 1928 Aenariae,
291 1859 518 1935 Prochytaeque
536 1875 651 1916 manus.
691 1858 881 1932 Zephyraeus
900 1873 996 1931 opaca

113 1943 234 2000 Scilicet
251 1944 392 2013 Aenaria,
413 1942 565 2018 Prochyta
580 1943 663 2000 uenit
683 1942 840 2016 Eutychus
857 1941 921 1998 alta

114 2028 252 2102 Insignes
270 2027 357 2085 ambo
377 2027 509 2098 calamis
530 2036 558 2084 et
576 2027 712 2085 uersibus
730 2026 819 2084 ambo

113 2112 211 2184 Aptus
232 2121 357 2186 uterque
378 2110 474 2181 fretis,
496 2111 661 2185 piscatibus
681 2119 770 2184 aptus
788 2118 915 2185 uterque

115 2195 172 2251 llle
192 2196 296 2252 hamos
314 2213 442 2264 uersare,
460 2195 510 2252 hic
529 2196 604 2252 retia
622 2194 738 2251 soluere
756 2195 788 2250 in
807 2211 917 2268 aequor

111 2277 203 2351 Zeplz.
235 2281 315 2335 'l'um
334 2281 416 2352 prior
434 2280 507 2336 haec
525 2280 660 2354 Zephyre
736 2279 837 2336 adeste
855 2298 874 2337 o
890 2277 979 2335 litore
996 2278 1034 2335 ab
1052 2278 1133 2335 omni

115 2366 302 2421 Piscatorum
321 2373 408 2434 artes,
429 2364 561 2438 liquidas
581 2364 728 2439 exquirite
748 2363 832 2422 sedes
1116 2362 1154 2417 20

113 2451 229 2505 Vertite
245 2449 408 2505 Tritonum
424 2448 565 2519 latebras,
582 2456 737 2522 penetrate
753 2441 885 2505 recess'us

114 2533 289 2589 Nereidum.
332 2532 498 2607 Nunquam
517 2542 635 2589 nostros
653 2531 796 2588 sedabitis
813 2532 898 2606 ignes

114 2617 280 2692 Nunquam
297 2636 344 2674 me
362 2617 485 2687 Pholoe,
503 2633 658 2691 nunquam
673 2634 722 2673 me
738 2615 849 2673 chloris
867 2615 979 2671 amabit

114 2702 180 2758 Ede
198 2712 263 2759 tuos
280 2719 397 2758 mecum
413 2701 535 2758 tandem
551 2719 626 2758 caua
642 2701 771 2757 buccina
786 2699 894 2757 fletus..

112 2787 183 2843 Eut.
208 2786 322 2843 Omnia
338 2786 462 2856 tentaui,
481 2795 583 2855 terras,
601 2803 692 2850 mare,
709 2784 824 2849 nubila,
842 2783 959 2841 coelum

113 2871 340 2944 Ventorumque
360 2870 465 2927 domos

114 2954 227 3011 Omnia
243 2954 293 3010 sed
310 2972 439 3011 nocuere
456 2952 554 3010 simul·
592 2971 672 3010 nunc
689 2955 730 3009 ite
747 2951 867 3026 puellae

116 3040 161 3095 lte
178 3038 251 3095 deae
269 3039 379 3113 pelagi,
399 3038 495 3112 furijs
513 3039 651 3094 arcessite
669 3038 780 3096 nostris

115 3122 206 3180 Nunc
225 3123 301 3179 alios
320 3140 431 3193 succoS,
452 3121 586 3197 aliasque
607 3121 813 3195 Melampodis
830 3121 937 3178 herbas

116 3207 180 3263 Ede
203 3215 270 3264 tuos
290 3225 407 3265 mecum
427 3206 550 3264 tandem
572 3224 647 3264 caua
666 3206 796 3263 buccina
815 3205 909 3263 fletus
1117 3206 1155 3261 30

113 3289 205 3363 erh.
252 3290 324 3348 Non
343 3292 476 3366 magicos
496 3309 608 3361 uersus,
629 3292 792 3365 ignotaque
811 3291 935 3347 nomina
955 3307 1054 3346 rerum

116 3376 343 3451 Dissimilcsque
365 3376 453 3445 Deos,
475 3376 690 3450 Herebumque
709 3374 870 3449 Chaosque
888 3373 995 3447 reliqui

116 3461 201 3533 Ipsos
222 3461 295 3535 quin
315 3462 405 3517 etiarn
425 3459 478 3518 filo
498 3459 678 3517 conuoluere
699 3459 856 3516 Rhombos

116 3544 247 3615 Edidici,
268 3545 438 3619 parteisque
456 3563 537 3601 meas
555 3544 592 3601 de
612 3545 699 3601 litore
719 3544 841 3601 echinos

117 3628 161 3686 lle
178 3629 310 3702 scopulis
325 3647 470 3699 muscum,
488 3629 524 3685 de
541 3627 681 3686 fluctibus
696 3629 850 3684 hausimus
864 3626 961 3684 undas

116 3714 181 3769 Ede
200 3724 266 3770 tuos
284 3731 400 3770 mecum
421 3713 544 3771 tandem
563 3730 641 3772 caua
655 3713 792 3772 buccina
805 3710 908 3769 hctus.
