<?xml version="1.0" encoding="UTF-8"?>
<!DOCTYPE html PUBLIC "-//W3C//DTD XHTML 1.0 Transitional//EN"
    "http://www.w3.org/TR/xhtml1/DTD/xhtml1-transitional.dtd">
<html xmlns="http://www.w3.org/1999/xhtml" xml:lang="en" lang="en">
 <head>
  <title>
</title>
<meta http-equiv="Content-Type" content="text/html;charset=utf-8" />
  <meta name='ocr-system' content='tesseract 3.04.00' />
  <meta name='ocr-capabilities' content='ocr_page ocr_carea ocr_par ocr_line ocrx_word'/>
</head>
<body>
  <div class='ocr_page' id='page_1' title='image "./piscatoryeclogu00sanngoog_0075.png"; bbox 0 0 2542 4102; ppageno 0'>
   <div class='ocr_carea' id='block_1_1' title="bbox 133 168 922 231">
    <p class='ocr_par' dir='ltr' id='par_1_1' title="bbox 133 168 922 231">
     <span class='ocr_line' id='line_1_1' title="bbox 133 168 922 231; baseline 0 -12"><span class='ocrx_word' id='word_1_1' title='bbox 133 173 171 231; x_wconf 87' lang='lat'>68</span> <span class='ocrx_word' id='word_1_2' title='bbox 383 168 488 219; x_wconf 85' lang='lat' dir='ltr'><em>ACTII</em></span> <span class='ocrx_word' id='word_1_3' title='bbox 503 168 669 218; x_wconf 85' lang='lat' dir='ltr'><em>SYNCERI</em></span> <span class='ocrx_word' id='word_1_4' title='bbox 686 168 922 219; x_wconf 82' lang='lat' dir='ltr'><em>SANNAZARII</em></span> 
     </span>
    </p>
   </div>
   <div class='ocr_carea' id='block_1_2' title="bbox 322 455 984 693">
    <p class='ocr_par' dir='ltr' id='par_1_2' title="bbox 322 455 984 693">
     <span class='ocr_line' id='line_1_2' title="bbox 368 455 935 514; baseline 0.002 -2"><span class='ocrx_word' id='word_1_5' title='bbox 368 455 669 514; x_wconf 87' lang='lat' dir='ltr'><strong>FERDINANDO</strong></span> <span class='ocrx_word' id='word_1_6' title='bbox 689 455 935 514; x_wconf 84' lang='lat' dir='ltr'>FREDERICI</span> 
     </span>
     <span class='ocr_line' id='line_1_3' title="bbox 322 624 984 693; baseline -0.002 -12"><span class='ocrx_word' id='word_1_7' title='bbox 322 626 421 684; x_wconf 80' lang='lat' dir='ltr'>Raors</span> <span class='ocrx_word' id='word_1_8' title='bbox 437 624 469 681; x_wconf 91' lang='lat' dir='ltr'>F.</span> <span class='ocrx_word' id='word_1_9' title='bbox 485 624 667 692; x_wconf 77' lang='lat' dir='ltr'>Auacouro,</span> <span class='ocrx_word' id='word_1_10' title='bbox 683 624 872 682; x_wconf 73' lang='lat' dir='ltr'>Camarina</span> <span class='ocrx_word' id='word_1_11' title='bbox 887 624 984 693; x_wconf 78' lang='lat' dir='ltr'>Daci,</span> 
     </span>
    </p>
   </div>
   <div class='ocr_carea' id='block_1_3' title="bbox 412 789 894 861">
    <p class='ocr_par' dir='ltr' id='par_1_3' title="bbox 412 789 894 861">
     <span class='ocr_line' id='line_1_4' title="bbox 412 789 894 861; baseline 0 -13"><span class='ocrx_word' id='word_1_12' title='bbox 412 791 588 849; x_wconf 86' lang='lat' dir='ltr'>ECLOGA</span> <span class='ocrx_word' id='word_1_13' title='bbox 607 793 660 861; x_wconf 83' lang='lat' dir='ltr'>lV,</span> <span class='ocrx_word' id='word_1_14' title='bbox 678 789 894 849; x_wconf 85' lang='lat' dir='ltr'><em>PROTEUS.</em></span> 
     </span>
    </p>
   </div>
   <div class='ocr_carea' id='block_1_4' title="bbox 132 925 1017 2264">
    <p class='ocr_par' dir='ltr' id='par_1_4' title="bbox 132 925 977 1337">
     <span class='ocr_line' id='line_1_5' title="bbox 175 925 896 1000; baseline 0.003 -19"><span class='ocrx_word' id='word_1_15' title='bbox 175 927 267 984; x_wconf 92' lang='lat' dir='ltr'>Nunc</span> <span class='ocrx_word' id='word_1_16' title='bbox 282 928 412 1000; x_wconf 91' lang='lat' dir='ltr'>primum</span> <span class='ocrx_word' id='word_1_17' title='bbox 427 936 513 983; x_wconf 89' lang='lat' dir='ltr'>notas</span> <span class='ocrx_word' id='word_1_18' title='bbox 527 927 601 983; x_wconf 90' lang='lat' dir='ltr'>velis</span> <span class='ocrx_word' id='word_1_19' title='bbox 615 926 784 1000; x_wconf 87' lang='lat' dir='ltr'>majoribus</span> <span class='ocrx_word' id='word_1_20' title='bbox 797 925 896 983; x_wconf 90' lang='lat' dir='ltr'>undas</span> 
     </span>
     <span class='ocr_line' id='line_1_6' title="bbox 134 1009 977 1085; baseline -0.001 -16"><span class='ocrx_word' id='word_1_21' title='bbox 134 1011 299 1081; x_wconf 87' lang='lat' dir='ltr'>Currimus‚</span> <span class='ocrx_word' id='word_1_22' title='bbox 318 1030 335 1069; x_wconf 95' lang='lat' dir='ltr'>o</span> <span class='ocrx_word' id='word_1_23' title='bbox 353 1011 515 1085; x_wconf 84' lang='lat' dir='ltr'>Nymphae</span> <span class='ocrx_word' id='word_1_24' title='bbox 533 1010 714 1082; x_wconf 86' lang='lat' dir='ltr'>Craterides,</span> <span class='ocrx_word' id='word_1_25' title='bbox 732 1011 838 1069; x_wconf 89' lang='lat' dir='ltr'>ordine</span> <span class='ocrx_word' id='word_1_26' title='bbox 855 1009 977 1085; x_wconf 87' lang='lat' dir='ltr'>quando</span> 
     </span>
     <span class='ocr_line' id='line_1_7' title="bbox 132 1095 851 1169; baseline -0.003 -16"><span class='ocrx_word' id='word_1_27' title='bbox 132 1095 245 1159; x_wconf 89' lang='lat' dir='ltr'>Suadet</span> <span class='ocrx_word' id='word_1_28' title='bbox 261 1113 344 1152; x_wconf 90' lang='lat' dir='ltr'>amor</span> <span class='ocrx_word' id='word_1_29' title='bbox 360 1114 445 1152; x_wconf 90' lang='lat' dir='ltr'>carae</span> <span class='ocrx_word' id='word_1_30' title='bbox 462 1097 575 1169; x_wconf 89' lang='lat' dir='ltr'>primos</span> <span class='ocrx_word' id='word_1_31' title='bbox 590 1095 709 1153; x_wconf 89' lang='lat' dir='ltr'>telluris</span> <span class='ocrx_word' id='word_1_32' title='bbox 723 1095 851 1152; x_wconf 85' lang='lat' dir='ltr'>honores</span> 
     </span>
     <span class='ocr_line' id='line_1_8' title="bbox 135 1178 876 1253; baseline 0 -18"><span class='ocrx_word' id='word_1_33' title='bbox 135 1179 243 1236; x_wconf 85' lang='lat' dir='ltr'>Dicere</span> <span class='ocrx_word' id='word_1_34' title='bbox 254 1198 261 1250; x_wconf 90' lang='lat'>;</span> <span class='ocrx_word' id='word_1_35' title='bbox 282 1180 435 1236; x_wconf 87' lang='lat' dir='ltr'>caerulcae</span> <span class='ocrx_word' id='word_1_36' title='bbox 453 1181 557 1253; x_wconf 83' lang='lat' dir='ltr'>magni</span> <span class='ocrx_word' id='word_1_37' title='bbox 576 1178 709 1237; x_wconf 89' lang='lat' dir='ltr'>Crateris</span> <span class='ocrx_word' id='word_1_38' title='bbox 728 1178 876 1249; x_wconf 83' lang='lat' dir='ltr'>alumnae,</span> 
     </span>
     <span class='ocr_line' id='line_1_9' title="bbox 133 1263 804 1337; baseline -0.001 -17"><span class='ocrx_word' id='word_1_39' title='bbox 133 1263 268 1321; x_wconf 86' lang='lat' dir='ltr'>Telluris</span> <span class='ocrx_word' id='word_1_40' title='bbox 285 1265 397 1337; x_wconf 85' lang='lat' dir='ltr'>primos</span> <span class='ocrx_word' id='word_1_41' title='bbox 414 1282 500 1320; x_wconf 87' lang='lat' dir='ltr'>carae</span> <span class='ocrx_word' id='word_1_42' title='bbox 516 1264 651 1320; x_wconf 88' lang='lat' dir='ltr'>dicamus</span> <span class='ocrx_word' id='word_1_43' title='bbox 668 1265 804 1332; x_wconf 87' lang='lat' dir='ltr'>honores,</span> 
     </span>
    </p>

    <p class='ocr_par' dir='ltr' id='par_1_5' title="bbox 136 1347 991 1423">
     <span class='ocr_line' id='line_1_10' title="bbox 136 1347 991 1423; baseline 0.001 -20"><span class='ocrx_word' id='word_1_44' title='bbox 136 1348 217 1404; x_wconf 86' lang='lat' dir='ltr'>Dum</span> <span class='ocrx_word' id='word_1_45' title='bbox 237 1348 329 1404; x_wconf 90' lang='lat' dir='ltr'>radiis</span> <span class='ocrx_word' id='word_1_46' title='bbox 350 1347 470 1404; x_wconf 80' lang='lat' dir='ltr'>fervens</span> <span class='ocrx_word' id='word_1_47' title='bbox 489 1348 621 1404; x_wconf 92' lang='lat' dir='ltr'>medium</span> <span class='ocrx_word' id='word_1_48' title='bbox 642 1348 693 1404; x_wconf 81' lang='lat' dir='ltr'>Sol</span> <span class='ocrx_word' id='word_1_49' title='bbox 713 1349 852 1422; x_wconf 82' lang='lat' dir='ltr'>excoquit</span> <span class='ocrx_word' id='word_1_50' title='bbox 871 1365 991 1423; x_wconf 89' lang='lat' dir='ltr'>aequor.</span> 
     </span>
    </p>

    <p class='ocr_par' dir='ltr' id='par_1_6' title="bbox 133 1432 921 2095">
     <span class='ocr_line' id='line_1_11' title="bbox 174 1432 918 1505; baseline 0.003 -18"><span class='ocrx_word' id='word_1_51' title='bbox 174 1433 224 1488; x_wconf 89' lang='lat' dir='ltr'>Tu</span> <span class='ocrx_word' id='word_1_52' title='bbox 241 1446 320 1496; x_wconf 82' lang='lat' dir='ltr'>vern,</span> <span class='ocrx_word' id='word_1_53' title='bbox 341 1433 455 1505; x_wconf 83' lang='lat' dir='ltr'>patriae</span> <span class='ocrx_word' id='word_1_54' title='bbox 473 1432 594 1505; x_wconf 86' lang='lat' dir='ltr'>juvenis</span> <span class='ocrx_word' id='word_1_55' title='bbox 611 1432 710 1500; x_wconf 83' lang='lat' dir='ltr'>decus,</span> <span class='ocrx_word' id='word_1_56' title='bbox 729 1432 807 1489; x_wconf 90' lang='lat' dir='ltr'>edite</span> <span class='ocrx_word' id='word_1_57' title='bbox 826 1432 918 1502; x_wconf 80' lang='lat' dir='ltr'>caela,</span> 
     </span>
     <span class='ocr_line' id='line_1_12' title="bbox 133 1514 854 1591; baseline -0.001 -18"><span class='ocrx_word' id='word_1_58' title='bbox 133 1514 207 1590; x_wconf 86' lang='lat' dir='ltr'>Spes</span> <span class='ocrx_word' id='word_1_59' title='bbox 226 1517 343 1591; x_wconf 85' lang='lat' dir='ltr'>generis</span> <span class='ocrx_word' id='word_1_60' title='bbox 361 1517 446 1586; x_wconf 84' lang='lat' dir='ltr'>tanti,</span> <span class='ocrx_word' id='word_1_61' title='bbox 467 1535 518 1573; x_wconf 88' lang='lat' dir='ltr'>seu</span> <span class='ocrx_word' id='word_1_62' title='bbox 537 1526 565 1573; x_wconf 88' lang='lat' dir='ltr'>tc</span> <span class='ocrx_word' id='word_1_63' title='bbox 584 1516 721 1572; x_wconf 89' lang='lat' dir='ltr'>nimbosa</span> <span class='ocrx_word' id='word_1_64' title='bbox 740 1517 854 1590; x_wconf 87' lang='lat' dir='ltr'>Pyrene</span> 
     </span>
     <span class='ocr_line' id='line_1_13' title="bbox 136 1600 843 1674; baseline 0.001 -19"><span class='ocrx_word' id='word_1_65' title='bbox 136 1601 194 1657; x_wconf 92' lang='lat' dir='ltr'>Pro</span> <span class='ocrx_word' id='word_1_66' title='bbox 210 1600 293 1657; x_wconf 93' lang='lat' dir='ltr'>dulci</span> <span class='ocrx_word' id='word_1_67' title='bbox 311 1601 407 1669; x_wconf 88' lang='lat' dir='ltr'>Latio,</span> <span class='ocrx_word' id='word_1_68' title='bbox 425 1619 480 1674; x_wconf 94' lang='lat' dir='ltr'>pro</span> <span class='ocrx_word' id='word_1_69' title='bbox 497 1601 607 1656; x_wconf 89' lang='lat' dir='ltr'>nostris</span> <span class='ocrx_word' id='word_1_70' title='bbox 624 1600 737 1657; x_wconf 79' lang='lat' dir='ltr'>detinet</span> <span class='ocrx_word' id='word_1_71' title='bbox 755 1601 843 1670; x_wconf 68' lang='lat' dir='ltr'>arvis</span> 
     </span>
     <span class='ocr_line' id='line_1_14' title="bbox 133 1684 921 1759; baseline -0.003 -18"><span class='ocrx_word' id='word_1_72' title='bbox 133 1684 191 1741; x_wconf 88' lang='lat' dir='ltr'>Seu</span> <span class='ocrx_word' id='word_1_73' title='bbox 216 1702 310 1759; x_wconf 83' lang='lat' dir='ltr'>vagus</span> <span class='ocrx_word' id='word_1_74' title='bbox 333 1685 454 1759; x_wconf 87' lang='lat' dir='ltr'>objecto</span> <span class='ocrx_word' id='word_1_75' title='bbox 477 1685 644 1741; x_wconf 87' lang='lat' dir='ltr'>munimine</span> <span class='ocrx_word' id='word_1_76' title='bbox 667 1684 783 1742; x_wconf 84' lang='lat' dir='ltr'>claudit</span> <span class='ocrx_word' id='word_1_77' title='bbox 809 1685 921 1753; x_wconf 86' lang='lat' dir='ltr'>Iberus,</span> 
     </span>
     <span class='ocr_line' id='line_1_15' title="bbox 134 1769 877 1843; baseline 0 -19"><span class='ocrx_word' id='word_1_78' title='bbox 134 1769 253 1840; x_wconf 89' lang='lat' dir='ltr'>Rumpe</span> <span class='ocrx_word' id='word_1_79' title='bbox 270 1786 378 1838; x_wconf 69' lang='lat' dir='ltr'>moras</span> <span class='ocrx_word' id='word_1_80' title='bbox 398 1777 498 1825; x_wconf 88' lang='lat' dir='ltr'>necte</span> <span class='ocrx_word' id='word_1_81' title='bbox 517 1769 586 1824; x_wconf 89' lang='lat' dir='ltr'>latis</span> <span class='ocrx_word' id='word_1_82' title='bbox 607 1769 760 1842; x_wconf 87' lang='lat' dir='ltr'>Hispania</span> <span class='ocrx_word' id='word_1_83' title='bbox 777 1769 877 1843; x_wconf 85' lang='lat' dir='ltr'>regnis</span> 
     </span>
     <span class='ocr_line' id='line_1_16' title="bbox 133 1852 800 1926; baseline 0.001 -18"><span class='ocrx_word' id='word_1_84' title='bbox 133 1853 259 1909; x_wconf 87' lang='lat' dir='ltr'>Alliciat</span> <span class='ocrx_word' id='word_1_85' title='bbox 277 1853 416 1925; x_wconf 88' lang='lat' dir='ltr'>stirpisve</span> <span class='ocrx_word' id='word_1_86' title='bbox 433 1861 501 1909; x_wconf 88' lang='lat' dir='ltr'>tuae</span> <span class='ocrx_word' id='word_1_87' title='bbox 518 1853 685 1926; x_wconf 90' lang='lat' dir='ltr'>primordia</span> <span class='ocrx_word' id='word_1_88' title='bbox 702 1860 730 1909; x_wconf 91' lang='lat' dir='ltr'>et</span> <span class='ocrx_word' id='word_1_89' title='bbox 747 1852 800 1910; x_wconf 91' lang='lat' dir='ltr'>ille</span> 
     </span>
     <span class='ocr_line' id='line_1_17' title="bbox 135 1936 921 2011; baseline 0.003 -19"><span class='ocrx_word' id='word_1_90' title='bbox 135 1936 241 1992; x_wconf 86' lang='lat' dir='ltr'>Gentis</span> <span class='ocrx_word' id='word_1_91' title='bbox 258 1937 362 2005; x_wconf 87' lang='lat' dir='ltr'>honos,</span> <span class='ocrx_word' id='word_1_92' title='bbox 380 1937 450 1993; x_wconf 89' lang='lat' dir='ltr'>licet</span> <span class='ocrx_word' id='word_1_93' title='bbox 469 1936 564 1993; x_wconf 85' lang='lat' dir='ltr'>effuso</span> <span class='ocrx_word' id='word_1_94' title='bbox 582 1938 688 2011; x_wconf 84' lang='lat' dir='ltr'>Tagus</span> <span class='ocrx_word' id='word_1_95' title='bbox 705 1936 831 2010; x_wconf 89' lang='lat' dir='ltr'>impleat</span> <span class='ocrx_word' id='word_1_96' title='bbox 848 1955 921 1994; x_wconf 89' lang='lat' dir='ltr'>auro</span> 
     </span>
     <span class='ocr_line' id='line_1_18' title="bbox 134 2020 840 2095; baseline 0.001 -19"><span class='ocrx_word' id='word_1_97' title='bbox 134 2020 174 2077; x_wconf 84' lang='lat' dir='ltr'>Et</span> <span class='ocrx_word' id='word_1_98' title='bbox 190 2030 274 2093; x_wconf 89' lang='lat' dir='ltr'>pater</span> <span class='ocrx_word' id='word_1_99' title='bbox 291 2020 429 2078; x_wconf 84' lang='lat' dir='ltr'>Oceanus</span> <span class='ocrx_word' id='word_1_100' title='bbox 446 2022 599 2094; x_wconf 90' lang='lat' dir='ltr'>spumanti</span> <span class='ocrx_word' id='word_1_101' title='bbox 614 2021 735 2095; x_wconf 89' lang='lat' dir='ltr'>perluat</span> <span class='ocrx_word' id='word_1_102' title='bbox 750 2021 840 2078; x_wconf 88' lang='lat' dir='ltr'>unda.</span> 
     </span>
    </p>

    <p class='ocr_par' dir='ltr' id='par_1_7' title="bbox 135 2104 1017 2264">
     <span class='ocr_line' id='line_1_19' title="bbox 135 2104 1017 2179; baseline 0.002 -19"><span class='ocrx_word' id='word_1_103' title='bbox 135 2104 216 2161; x_wconf 91' lang='lat' dir='ltr'>Nam</span> <span class='ocrx_word' id='word_1_104' title='bbox 234 2105 317 2174; x_wconf 86' lang='lat' dir='ltr'>mihi,</span> <span class='ocrx_word' id='word_1_105' title='bbox 335 2124 406 2161; x_wconf 89' lang='lat' dir='ltr'>nam</span> <span class='ocrx_word' id='word_1_106' title='bbox 424 2114 541 2178; x_wconf 89' lang='lat' dir='ltr'>tempus</span> <span class='ocrx_word' id='word_1_107' title='bbox 559 2107 657 2163; x_wconf 84' lang='lat' dir='ltr'>veniet</span> <span class='ocrx_word' id='word_1_108' title='bbox 676 2124 743 2163; x_wconf 92' lang='lat' dir='ltr'>cum</span> <span class='ocrx_word' id='word_1_109' title='bbox 762 2105 881 2162; x_wconf 90' lang='lat' dir='ltr'>reddita</span> <span class='ocrx_word' id='word_1_110' title='bbox 899 2115 1017 2179; x_wconf 89' lang='lat' dir='ltr'>sceptra</span> 
     </span>
     <span class='ocr_line' id='line_1_20' title="bbox 135 2188 906 2264; baseline 0 -20"><span class='ocrx_word' id='word_1_111' title='bbox 135 2189 344 2263; x_wconf 89' lang='lat' dir='ltr'>Parthenopae</span> <span class='ocrx_word' id='word_1_112' title='bbox 359 2188 532 2264; x_wconf 86' lang='lat' dir='ltr'>fractosque</span> <span class='ocrx_word' id='word_1_113' title='bbox 548 2199 600 2246; x_wconf 89' lang='lat' dir='ltr'>tua</span> <span class='ocrx_word' id='word_1_114' title='bbox 614 2189 669 2246; x_wconf 90' lang='lat' dir='ltr'>suh</span> <span class='ocrx_word' id='word_1_115' title='bbox 684 2189 807 2262; x_wconf 90' lang='lat' dir='ltr'>cuspide</span> <span class='ocrx_word' id='word_1_116' title='bbox 823 2207 906 2264; x_wconf 82' lang='lat' dir='ltr'>reges</span> 
     </span>
    </p>
   </div>
   <div class='ocr_carea' id='block_1_5' title="bbox 39 2272 924 2347">
    <p class='ocr_par' dir='ltr' id='par_1_8' title="bbox 39 2272 924 2347">
     <span class='ocr_line' id='line_1_21' title="bbox 39 2272 924 2347; baseline 0.002 -19"><span class='ocrx_word' id='word_1_117' title='bbox 39 2274 41 2280; x_wconf 84' lang='lat'>&#39;</span> <span class='ocrx_word' id='word_1_118' title='bbox 135 2272 203 2346; x_wconf 91' lang='lat' dir='ltr'>Ipse</span> <span class='ocrx_word' id='word_1_119' title='bbox 220 2291 344 2346; x_wconf 86' lang='lat' dir='ltr'>canam;</span> <span class='ocrx_word' id='word_1_120' title='bbox 363 2291 442 2331; x_wconf 91' lang='lat' dir='ltr'>nunc</span> <span class='ocrx_word' id='word_1_121' title='bbox 457 2273 595 2331; x_wconf 89' lang='lat' dir='ltr'>litoream</span> <span class='ocrx_word' id='word_1_122' title='bbox 612 2292 649 2330; x_wconf 90' lang='lat' dir='ltr'>nc</span> <span class='ocrx_word' id='word_1_123' title='bbox 666 2274 785 2347; x_wconf 90' lang='lat' dir='ltr'>despice</span> <span class='ocrx_word' id='word_1_124' title='bbox 803 2274 924 2332; x_wconf 88' lang='lat' dir='ltr'>Musam</span> 
     </span>
    </p>
   </div>
   <div class='ocr_carea' id='block_1_6' title="bbox 132 2357 1023 3785">
    <p class='ocr_par' dir='ltr' id='par_1_9' title="bbox 133 2357 976 2600">
     <span class='ocr_line' id='line_1_22' title="bbox 134 2357 976 2432; baseline -0.001 -18"><span class='ocrx_word' id='word_1_125' title='bbox 134 2357 234 2428; x_wconf 90' lang='lat' dir='ltr'>Quam</span> <span class='ocrx_word' id='word_1_126' title='bbox 252 2357 306 2414; x_wconf 91' lang='lat' dir='ltr'>tihi</span> <span class='ocrx_word' id='word_1_127' title='bbox 324 2368 391 2432; x_wconf 93' lang='lat' dir='ltr'>post</span> <span class='ocrx_word' id='word_1_128' title='bbox 409 2357 509 2428; x_wconf 86' lang='lat' dir='ltr'>silvas,</span> <span class='ocrx_word' id='word_1_129' title='bbox 528 2368 595 2432; x_wconf 90' lang='lat' dir='ltr'>post</span> <span class='ocrx_word' id='word_1_130' title='bbox 613 2357 738 2415; x_wconf 90' lang='lat' dir='ltr'>horrida</span> <span class='ocrx_word' id='word_1_131' title='bbox 753 2358 850 2415; x_wconf 89' lang='lat' dir='ltr'>lustra</span> <span class='ocrx_word' id='word_1_132' title='bbox 867 2358 976 2432; x_wconf 86' lang='lat' dir='ltr'>Lycaei</span> 
     </span>
     <span class='ocr_line' id='line_1_23' title="bbox 140 2441 960 2516; baseline 0 -17"><span class='ocrx_word' id='word_1_133' title='bbox 140 2441 188 2511; x_wconf 85' lang='lat' dir='ltr'>(Si</span> <span class='ocrx_word' id='word_1_134' title='bbox 206 2441 279 2515; x_wconf 92' lang='lat' dir='ltr'>quid</span> <span class='ocrx_word' id='word_1_135' title='bbox 298 2442 329 2498; x_wconf 89' lang='lat' dir='ltr'>id</span> <span class='ocrx_word' id='word_1_136' title='bbox 348 2441 406 2516; x_wconf 83' lang='lat' dir='ltr'>est)</span> <span class='ocrx_word' id='word_1_137' title='bbox 432 2442 525 2499; x_wconf 91' lang='lat' dir='ltr'>salsas</span> <span class='ocrx_word' id='word_1_138' title='bbox 542 2442 655 2499; x_wconf 86' lang='lat' dir='ltr'>deduxi</span> <span class='ocrx_word' id='word_1_139' title='bbox 674 2444 788 2516; x_wconf 92' lang='lat' dir='ltr'>primus</span> <span class='ocrx_word' id='word_1_140' title='bbox 807 2442 845 2499; x_wconf 89' lang='lat' dir='ltr'>ad</span> <span class='ocrx_word' id='word_1_141' title='bbox 863 2442 960 2500; x_wconf 92' lang='lat' dir='ltr'>undas</span> 
     </span>
     <span class='ocr_line' id='line_1_24' title="bbox 133 2525 832 2600; baseline 0.003 -20"><span class='ocrx_word' id='word_1_142' title='bbox 133 2525 233 2582; x_wconf 88' lang='lat' dir='ltr'>Ausus</span> <span class='ocrx_word' id='word_1_143' title='bbox 253 2527 411 2599; x_wconf 86' lang='lat' dir='ltr'>inexperta</span> <span class='ocrx_word' id='word_1_144' title='bbox 429 2534 546 2583; x_wconf 90' lang='lat' dir='ltr'>tentare</span> <span class='ocrx_word' id='word_1_145' title='bbox 564 2526 700 2599; x_wconf 88' lang='lat' dir='ltr'>pericula</span> <span class='ocrx_word' id='word_1_146' title='bbox 719 2527 832 2600; x_wconf 89' lang='lat' dir='ltr'>cymba.</span> 
     </span>
    </p>

    <p class='ocr_par' dir='ltr' id='par_1_10' title="bbox 135 2610 1023 2935">
     <span class='ocr_line' id='line_1_25' title="bbox 175 2610 1023 2685; baseline 0.001 -19"><span class='ocrx_word' id='word_1_147' title='bbox 175 2610 261 2681; x_wconf 91' lang='lat' dir='ltr'>Quae</span> <span class='ocrx_word' id='word_1_148' title='bbox 275 2610 355 2667; x_wconf 91' lang='lat' dir='ltr'>vada</span> <span class='ocrx_word' id='word_1_149' title='bbox 368 2629 429 2669; x_wconf 91' lang='lat' dir='ltr'>non</span> <span class='ocrx_word' id='word_1_150' title='bbox 444 2619 564 2675; x_wconf 82' lang='lat' dir='ltr'>norunt,</span> <span class='ocrx_word' id='word_1_151' title='bbox 582 2611 648 2685; x_wconf 92' lang='lat' dir='ltr'>quis</span> <span class='ocrx_word' id='word_1_152' title='bbox 664 2611 757 2667; x_wconf 92' lang='lat' dir='ltr'>nescit</span> <span class='ocrx_word' id='word_1_153' title='bbox 776 2612 883 2667; x_wconf 89' lang='lat' dir='ltr'>Protea</span> <span class='ocrx_word' id='word_1_154' title='bbox 899 2611 1023 2684; x_wconf 87' lang='lat' dir='ltr'>portus?</span> 
     </span>
     <span class='ocr_line' id='line_1_26' title="bbox 135 2693 959 2768; baseline 0.005 -20"><span class='ocrx_word' id='word_1_155' title='bbox 135 2693 228 2749; x_wconf 89' lang='lat' dir='ltr'>lllum</span> <span class='ocrx_word' id='word_1_156' title='bbox 247 2694 319 2751; x_wconf 90' lang='lat' dir='ltr'>olim</span> <span class='ocrx_word' id='word_1_157' title='bbox 338 2696 446 2751; x_wconf 90' lang='lat' dir='ltr'>veteris</span> <span class='ocrx_word' id='word_1_158' title='bbox 465 2705 635 2768; x_wconf 85' lang='lat' dir='ltr'>pascentem</span> <span class='ocrx_word' id='word_1_159' title='bbox 654 2695 692 2752; x_wconf 90' lang='lat' dir='ltr'>ad</span> <span class='ocrx_word' id='word_1_160' title='bbox 711 2714 783 2752; x_wconf 88' lang='lat' dir='ltr'>saxa</span> <span class='ocrx_word' id='word_1_161' title='bbox 802 2695 959 2752; x_wconf 88' lang='lat' dir='ltr'>Minervae</span> 
     </span>
     <span class='ocr_line' id='line_1_27' title="bbox 135 2778 875 2853; baseline 0.001 -20"><span class='ocrx_word' id='word_1_162' title='bbox 135 2778 380 2853; x_wconf 89' lang='lat' dir='ltr'>Mulcentemque</span> <span class='ocrx_word' id='word_1_163' title='bbox 400 2796 468 2836; x_wconf 89' lang='lat' dir='ltr'>suas</span> <span class='ocrx_word' id='word_1_164' title='bbox 487 2778 590 2837; x_wconf 91' lang='lat' dir='ltr'>divino</span> <span class='ocrx_word' id='word_1_165' title='bbox 611 2780 745 2836; x_wconf 89' lang='lat' dir='ltr'>carmine</span> <span class='ocrx_word' id='word_1_166' title='bbox 763 2780 875 2853; x_wconf 90' lang='lat' dir='ltr'>phocas</span> 
     </span>
     <span class='ocr_line' id='line_1_28' title="bbox 135 2861 926 2935; baseline 0.004 -18"><span class='ocrx_word' id='word_1_167' title='bbox 135 2861 160 2917; x_wconf 81' lang='lat' dir='ltr'>E</span> <span class='ocrx_word' id='word_1_168' title='bbox 183 2864 279 2935; x_wconf 92' lang='lat' dir='ltr'>puppi</span> <span class='ocrx_word' id='word_1_169' title='bbox 302 2880 418 2920; x_wconf 89' lang='lat' dir='ltr'>sensere</span> <span class='ocrx_word' id='word_1_170' title='bbox 441 2862 630 2922; x_wconf 91' lang='lat' dir='ltr'>Melanthius</span> <span class='ocrx_word' id='word_1_171' title='bbox 650 2873 679 2920; x_wconf 89' lang='lat' dir='ltr'>et</span> <span class='ocrx_word' id='word_1_172' title='bbox 703 2863 926 2933; x_wconf 82' lang='lat' dir='ltr'>Phrasidamus‚</span> 
     </span>
    </p>

    <p class='ocr_par' dir='ltr' id='par_1_11' title="bbox 132 2945 997 3526">
     <span class='ocr_line' id='line_1_29' title="bbox 135 2945 861 3020; baseline 0.001 -17"><span class='ocrx_word' id='word_1_173' title='bbox 135 2946 178 3003; x_wconf 96' lang='lat' dir='ltr'>Ut</span> <span class='ocrx_word' id='word_1_174' title='bbox 195 2945 276 3003; x_wconf 84' lang='lat' dir='ltr'>forte</span> <span class='ocrx_word' id='word_1_175' title='bbox 293 2965 309 3003; x_wconf 89' lang='lat' dir='ltr'>a</span> <span class='ocrx_word' id='word_1_176' title='bbox 326 2947 452 3020; x_wconf 89' lang='lat' dir='ltr'>Capreis</span> <span class='ocrx_word' id='word_1_177' title='bbox 467 2948 596 3006; x_wconf 88' lang='lat' dir='ltr'>obscura</span> <span class='ocrx_word' id='word_1_178' title='bbox 610 2957 697 3006; x_wconf 89' lang='lat' dir='ltr'>nocte</span> <span class='ocrx_word' id='word_1_179' title='bbox 713 2947 861 3004; x_wconf 88' lang='lat' dir='ltr'>redibant.</span> 
     </span>
     <span class='ocr_line' id='line_1_30' title="bbox 134 3029 805 3104; baseline 0.004 -17"><span class='ocrx_word' id='word_1_180' title='bbox 134 3029 257 3087; x_wconf 84' lang='lat' dir='ltr'>Sensere</span> <span class='ocrx_word' id='word_1_181' title='bbox 274 3040 302 3087; x_wconf 90' lang='lat' dir='ltr'>ct</span> <span class='ocrx_word' id='word_1_182' title='bbox 318 3033 402 3088; x_wconf 90' lang='lat' dir='ltr'>vario</span> <span class='ocrx_word' id='word_1_183' title='bbox 419 3032 579 3104; x_wconf 88' lang='lat' dir='ltr'>delphinas</span> <span class='ocrx_word' id='word_1_184' title='bbox 596 3032 701 3089; x_wconf 89' lang='lat' dir='ltr'>ludere</span> <span class='ocrx_word' id='word_1_185' title='bbox 717 3050 805 3090; x_wconf 90' lang='lat' dir='ltr'>cursu</span> 
     </span>
     <span class='ocr_line' id='line_1_31' title="bbox 133 3115 917 3191; baseline 0.006 -21"><span class='ocrx_word' id='word_1_186' title='bbox 133 3116 356 3190; x_wconf 85' lang='lat' dir='ltr'>Tritonumque</span> <span class='ocrx_word' id='word_1_187' title='bbox 374 3116 472 3173; x_wconf 89' lang='lat' dir='ltr'>choris</span> <span class='ocrx_word' id='word_1_188' title='bbox 490 3115 581 3191; x_wconf 82' lang='lat' dir='ltr'>longe</span> <span class='ocrx_word' id='word_1_189' title='bbox 600 3115 681 3174; x_wconf 86' lang='lat' dir='ltr'>freta</span> <span class='ocrx_word' id='word_1_190' title='bbox 696 3116 786 3189; x_wconf 89' lang='lat' dir='ltr'>pulsa</span> <span class='ocrx_word' id='word_1_191' title='bbox 804 3135 917 3175; x_wconf 86' lang='lat' dir='ltr'>sonare.</span> 
     </span>
     <span class='ocr_line' id='line_1_32' title="bbox 135 3199 955 3275; baseline 0.002 -21"><span class='ocrx_word' id='word_1_192' title='bbox 135 3199 204 3272; x_wconf 89' lang='lat' dir='ltr'>lpse</span> <span class='ocrx_word' id='word_1_193' title='bbox 223 3210 321 3256; x_wconf 91' lang='lat' dir='ltr'>autem</span> <span class='ocrx_word' id='word_1_194' title='bbox 341 3200 576 3275; x_wconf 83' lang='lat' dir='ltr'>haudquaquam</span> <span class='ocrx_word' id='word_1_195' title='bbox 596 3200 717 3257; x_wconf 88' lang='lat' dir='ltr'>mortali</span> <span class='ocrx_word' id='word_1_196' title='bbox 736 3200 829 3271; x_wconf 67' lang='lat' dir='ltr'>digna</span> <span class='ocrx_word' id='word_1_197' title='bbox 848 3200 955 3257; x_wconf 82' lang='lat' dir='ltr'>referri</span> 
     </span>
     <span class='ocr_line' id='line_1_33' title="bbox 134 3282 899 3357; baseline 0.005 -19"><span class='ocrx_word' id='word_1_198' title='bbox 134 3282 235 3340; x_wconf 90' lang='lat' dir='ltr'>Verba</span> <span class='ocrx_word' id='word_1_199' title='bbox 251 3303 321 3341; x_wconf 93' lang='lat' dir='ltr'>sono</span> <span class='ocrx_word' id='word_1_200' title='bbox 340 3302 449 3342; x_wconf 89' lang='lat' dir='ltr'>vacuas</span> <span class='ocrx_word' id='word_1_201' title='bbox 466 3284 562 3341; x_wconf 91' lang='lat' dir='ltr'>laetus</span> <span class='ocrx_word' id='word_1_202' title='bbox 579 3285 721 3342; x_wconf 89' lang='lat' dir='ltr'>cantabat</span> <span class='ocrx_word' id='word_1_203' title='bbox 737 3285 775 3342; x_wconf 93' lang='lat' dir='ltr'>ad</span> <span class='ocrx_word' id='word_1_204' title='bbox 793 3303 899 3357; x_wconf 89' lang='lat' dir='ltr'>auras;</span> 
     </span>
     <span class='ocr_line' id='line_1_34' title="bbox 132 3368 997 3444; baseline 0.002 -21"><span class='ocrx_word' id='word_1_205' title='bbox 132 3369 301 3439; x_wconf 72' lang='lat' dir='ltr'>Terrigena</span> <span class='ocrx_word' id='word_1_206' title='bbox 316 3377 349 3425; x_wconf 90' lang='lat' dir='ltr'>ut</span> <span class='ocrx_word' id='word_1_207' title='bbox 367 3368 520 3443; x_wconf 87' lang='lat' dir='ltr'>quondam</span> <span class='ocrx_word' id='word_1_208' title='bbox 537 3370 642 3428; x_wconf 89' lang='lat' dir='ltr'>matris</span> <span class='ocrx_word' id='word_1_209' title='bbox 659 3369 696 3426; x_wconf 93' lang='lat' dir='ltr'>de</span> <span class='ocrx_word' id='word_1_210' title='bbox 713 3379 816 3427; x_wconf 88' lang='lat' dir='ltr'>ventre</span> <span class='ocrx_word' id='word_1_211' title='bbox 834 3371 997 3444; x_wconf 87' lang='lat' dir='ltr'>Typhoeus</span> 
     </span>
     <span class='ocr_line' id='line_1_35' title="bbox 134 3452 851 3526; baseline 0.006 -19"><span class='ocrx_word' id='word_1_212' title='bbox 134 3452 287 3508; x_wconf 84' lang='lat' dir='ltr'>Exsiliens</span> <span class='ocrx_word' id='word_1_213' title='bbox 306 3452 437 3510; x_wconf 84' lang='lat' dir='ltr'>infanda</span> <span class='ocrx_word' id='word_1_214' title='bbox 454 3453 524 3510; x_wconf 89' lang='lat' dir='ltr'>deos</span> <span class='ocrx_word' id='word_1_215' title='bbox 543 3453 581 3510; x_wconf 89' lang='lat' dir='ltr'>ad</span> <span class='ocrx_word' id='word_1_216' title='bbox 599 3454 680 3511; x_wconf 88' lang='lat' dir='ltr'>bella</span> <span class='ocrx_word' id='word_1_217' title='bbox 699 3463 851 3526; x_wconf 83' lang='lat' dir='ltr'>vocasset3</span> 
     </span>
    </p>

    <p class='ocr_par' dir='ltr' id='par_1_12' title="bbox 135 3535 902 3695">
     <span class='ocr_line' id='line_1_36' title="bbox 135 3535 902 3613; baseline 0.003 -20"><span class='ocrx_word' id='word_1_218' title='bbox 135 3536 178 3593; x_wconf 92' lang='lat' dir='ltr'>Ut</span> <span class='ocrx_word' id='word_1_219' title='bbox 196 3535 327 3594; x_wconf 82' lang='lat' dir='ltr'>fratrum</span> <span class='ocrx_word' id='word_1_220' title='bbox 345 3538 460 3611; x_wconf 93' lang='lat' dir='ltr'>primus</span> <span class='ocrx_word' id='word_1_221' title='bbox 477 3537 566 3593; x_wconf 85' lang='lat' dir='ltr'>furiis</span> <span class='ocrx_word' id='word_1_222' title='bbox 584 3547 611 3594; x_wconf 91' lang='lat' dir='ltr'>et</span> <span class='ocrx_word' id='word_1_223' title='bbox 628 3537 782 3595; x_wconf 84' lang='lat' dir='ltr'>hiantibus</span> <span class='ocrx_word' id='word_1_224' title='bbox 798 3537 902 3613; x_wconf 93' lang='lat' dir='ltr'>hydris</span> 
     </span>
     <span class='ocr_line' id='line_1_37' title="bbox 135 3621 860 3695; baseline 0.006 -19"><span class='ocrx_word' id='word_1_225' title='bbox 135 3621 304 3679; x_wconf 89' lang='lat' dir='ltr'>Instructus</span> <span class='ocrx_word' id='word_1_226' title='bbox 320 3621 427 3678; x_wconf 89' lang='lat' dir='ltr'>densas</span> <span class='ocrx_word' id='word_1_227' title='bbox 443 3622 612 3679; x_wconf 87' lang='lat' dir='ltr'>ductaverit</span> <span class='ocrx_word' id='word_1_228' title='bbox 628 3623 691 3695; x_wconf 89' lang='lat' dir='ltr'>ipse</span> <span class='ocrx_word' id='word_1_229' title='bbox 707 3630 860 3695; x_wconf 88' lang='lat' dir='ltr'>catervas;</span> 
     </span>
    </p>

    <p class='ocr_par' dir='ltr' id='par_1_13' title="bbox 134 3705 839 3785">
     <span class='ocr_line' id='line_1_38' title="bbox 134 3705 839 3785; baseline 0.011 -22"><span class='ocrx_word' id='word_1_230' title='bbox 134 3705 179 3763; x_wconf 88' lang='lat' dir='ltr'>Ut</span> <span class='ocrx_word' id='word_1_231' title='bbox 191 3706 261 3764; x_wconf 85' lang='lat' dir='ltr'>nisu</span> <span class='ocrx_word' id='word_1_232' title='bbox 277 3707 395 3785; x_wconf 79' lang='lat' dir='ltr'>ingenti</span> <span class='ocrx_word' id='word_1_233' title='bbox 412 3715 515 3785; x_wconf 88' lang='lat' dir='ltr'>partes</span> <span class='ocrx_word' id='word_1_234' title='bbox 532 3706 569 3768; x_wconf 89' lang='lat' dir='ltr'>de</span> <span class='ocrx_word' id='word_1_235' title='bbox 586 3715 687 3770; x_wconf 86' lang='lat' dir='ltr'>monte</span> <span class='ocrx_word' id='word_1_236' title='bbox 704 3706 839 3771; x_wconf 74' lang='lat' dir='ltr'>revulsas</span> 
     </span>
    </p>
   </div>
   <div class='ocr_carea' id='block_1_7' title="bbox 1140 1687 1177 1741">
    <p class='ocr_par' dir='ltr' id='par_1_14' title="bbox 1140 1687 1177 1741">
     <span class='ocr_line' id='line_1_39' title="bbox 1140 1687 1177 1741; baseline 0.027 -1"><span class='ocrx_word' id='word_1_237' title='bbox 1140 1687 1177 1741; x_wconf 89' lang='lat'>10</span> 
     </span>
    </p>
   </div>
   <div class='ocr_carea' id='block_1_8' title="bbox 1135 2528 1174 2583">
    <p class='ocr_par' dir='ltr' id='par_1_15' title="bbox 1135 2528 1174 2583">
     <span class='ocr_line' id='line_1_40' title="bbox 1135 2528 1174 2583; baseline -0.051 0"><span class='ocrx_word' id='word_1_238' title='bbox 1135 2528 1174 2583; x_wconf 83' lang='lat'>20</span> 
     </span>
    </p>
   </div>
   <div class='ocr_carea' id='block_1_9' title="bbox 1134 3373 1173 3428">
    <p class='ocr_par' dir='ltr' id='par_1_16' title="bbox 1134 3373 1173 3428">
     <span class='ocr_line' id='line_1_41' title="bbox 1134 3373 1173 3428; baseline -0.026 0"><span class='ocrx_word' id='word_1_239' title='bbox 1134 3373 1173 3428; x_wconf 86' lang='lat'>30</span> 
     </span>
    </p>
   </div>
   <div class='ocr_carea' id='block_1_10' title="bbox 0 0 1279 4102">
    <p class='ocr_par' dir='ltr' id='par_1_17' title="bbox 0 0 1279 4102">
     <span class='ocr_line' id='line_1_42' title="bbox 0 0 1279 4102; baseline 0 0"><span class='ocrx_word' id='word_1_240' title='bbox 0 0 1279 4102; x_wconf 95' lang='lat' dir='ltr'> </span> 
     </span>
    </p>
   </div>
  </div>
 </body>
</html>
