2542 4102
152 187 186 242 72
399 181 503 231 ACTII
520 181 685 230 SYNCERI
702 180 939 231 SANNAZARII

151 352 212 424 Qui
229 353 369 409 miseram
387 363 450 410 tota
467 353 628 425 spoliatam
644 361 743 408 mente
761 351 892 426 reliquit.

150 437 272 493 Volvite
289 438 485 510 praecipitem
500 437 565 510 jam
582 453 670 506 nunc,
688 454 755 493 mea
770 436 850 506 licia,
867 435 1035 493 rhombum.

192 522 349 578 Rhombus
364 520 402 577 ad
420 522 607 577 Haemonias
622 529 777 577 revocetur
794 537 902 577 aeneus
917 528 1005 591 artes,

150 606 260 662 Sistere
276 606 327 679 qui
343 605 471 678 pluvias,
489 606 541 679 qui
557 604 670 678 pellere
685 604 792 661 nubila
806 603 899 674 cae10,

151 689 212 761 Qui
228 691 307 763 potis
324 700 366 746 est
383 688 516 762 trepidos
532 688 621 745 undis
638 688 786 745 abducere
802 688 906 762 pisces.

148 776 271 834 Volvite
288 777 493 850 praecipitem,
511 793 577 832 mea
593 774 672 844 licia,
691 774 804 832 volvite
822 773 990 831 rhombum.

189 857 272 932 Alga
287 857 342 913 tibi
357 857 430 913 haec
444 858 575 930 primum
591 856 700 913 tumidi
716 856 898 930 purgamina
911 856 998 930 ponti

149 941 309 1016 Spargitur
327 950 355 998 et
372 941 487 1015 rapidis
503 942 670 998 absumitur
687 941 774 998 arida
789 939 917 997 flammis
927 958 935 1013 3

150 1026 200 1082 Sic
218 1026 302 1096 mihi,
323 1027 374 1097 sic,
398 1026 518 1096 Maeon,
539 1026 636 1082 uraris
656 1024 789 1099 adusque
809 1024 967 1082 medullas,

150 1109 271 1166 Volvite
290 1111 487 1184 praecipitem
505 1110 570 1184 jam
587 1126 677 1179 nunc,
695 1127 763 1166 mea
781 1109 860 1180 licia,
880 1109 1049 1166 rhombum.
1155 1109 1196 1165 40

191 1195 252 1250 'l'er
269 1211 413 1263 muscum,
434 1194 592 1264 Clearista,
612 1203 656 1250 ter
674 1193 755 1250 hunc
773 1194 835 1250 sine
854 1191 973 1266 forcipe
991 1209 1136 1250 cancrum

153 1281 213 1338 Ure
228 1281 317 1338 simul
334 1281 350 1306 ‘¹
364 1299 432 1338 cum
444 1280 521 1355 ”que
537 1280 554 1304 ‘⁸
567 1280 613 1335 his
626 1279 641 1304 ’'
658 1279 708 1336 dic
725 1279 869 1336 “viscera
885 1278 1025 1359 Maeonis
1039 1294 1096 1335 uro
1107 1277 1135 1336 ’'.

151 1363 272 1419 Volvite
289 1364 494 1436 praecipitem,
513 1381 580 1419 mea
596 1362 674 1432 licia,
694 1363 806 1418 volvite
824 1362 992 1418 rhombum.

191 1448 326 1521 Spongia
343 1464 423 1503 nunc
442 1446 574 1503 lacrimis
591 1445 796 1520 perfunditur.
838 1446 924 1503 Heus
942 1445 1022 1503 bona
1038 1462 1152 1520 magno

151 1531 285 1606 Spongia
301 1541 373 1588 nata
389 1532 473 1600 mari,
493 1531 631 1587 lacrimas
648 1530 715 1587 bibe
733 1530 838 1588 sedula
854 1540 980 1598 nostras

154 1616 253 1690 thue
273 1617 355 1688 rapis
374 1616 476 1671 sitiens
497 1615 565 1672 illas
584 1616 625 1671 sic
647 1615 785 1672 Maeonis
804 1632 931 1685 omnem,

152 1700 289 1756 Maeonis
310 1701 429 1773 ingrati,
450 1701 550 1773 rapias
567 1699 606 1755 de
625 1707 744 1773 pectore
764 1715 890 1756 sensum.

150 1783 272 1840 Volvite
289 1785 485 1858 praecipitem
500 1784 566 1857 jam
581 1801 670 1853 nunc,
688 1801 755 1840 mea
770 1783 849 1853 licia,
867 1779 1035 1840 rhombum.

193 1871 235 1928 Ut
252 1889 371 1945 pumex,
390 1872 576 1946 pinguescat,
594 1878 627 1927 ut
645 1870 782 1945 aequoris
798 1868 889 1940 unda,
908 1868 1049 1944 quiescat,

151 1952 238 2023 Quae,
254 1953 350 2007 ventis
369 1953 484 2025 agitata
501 1952 560 2008 huc
578 1952 652 2008 illuc
670 1952 789 2008 concita
807 1950 913 2008 fertur.
1155 1950 1194 2009 50

150 2035 208 2093 Sed
226 2035 299 2110 quid
316 2054 371 2110 ego
387 2037 445 2092 heu
461 2037 539 2092 tristi
557 2042 660 2110 pectus
676 2052 820 2092 concussa
835 2036 940 2093 dolore

152 2121 303 2193 Imprecer
322 2129 350 2176 et
367 2121 453 2176 vanis
470 2120 583 2194 jactem
602 2121 738 2177 convicia
756 2120 873 2177 ventis?

152 2204 264 2260 Maeon
280 2212 324 2261 tot
340 2205 415 2260 mihi
431 2205 551 2274 damna,
568 2223 625 2279 ego
642 2205 766 2261 Maeoni
782 2204 874 2260 verba
889 2201 1073 2277 rependam?

150 2288 272 2345 Volvite
290 2289 494 2363 praecipitem,
513 2307 581 2345 mea
596 2288 676 2358 licia,
694 2287 806 2346 volvite
825 2288 992 2345 rhombum.

192 2372 273 2443 Huc,
291 2374 358 2442 huc,
376 2374 428 2447 qui
445 2372 545 2447 rigida
560 2372 715 2429 meditaris
731 2371 859 2429 vulnera
875 2370 980 2442 cauda,

151 2456 243 2514 Saeve
261 2458 371 2531 trigon,
390 2466 418 2513 et
436 2467 469 2514 tu
486 2457 643 2530 proprium
661 2458 709 2513 cui
727 2457 829 2513 sistere
845 2473 938 2513 naves

151 2540 312 2610 VeliferaS,
331 2541 475 2611 echeneis,
495 2540 596 2597 adeste
613 2550 641 2597 et
660 2541 798 2599 Maeonis
816 2557 898 2597 acres

150 2626 200 2682 'l'u
217 2627 344 2681 retinere
362 2625 461 2698 pedeS,
478 2632 511 2682 tu
528 2624 620 2700 figere
637 2626 730 2682 corda
746 2625 860 2682 labora.

150 2709 272 2766 Volvite
289 2711 485 2783 praecipitem
501 2710 565 2784 jam
583 2727 671 2779 nunc,
689 2728 756 2766 mea
772 2709 851 2779 licia,
868 2708 1037 2767 rhombum.

191 2794 219 2849 T
221 2793 301 2850 unde
320 2793 406 2869 jecur
425 2811 622 2867 spumamque
641 2793 731 2850 simul
750 2793 917 2866 torpedinis
935 2802 1027 2849 atrae.
1152 2791 1193 2850 60

152 2877 239 2934 Haec
260 2896 313 2952 ego
336 2895 401 2934 cras
422 2877 470 2934 illi
491 2877 618 2934 lethalia
637 2877 749 2952 pocula
768 2879 905 2951 mittam,

152 2962 264 3018 Ebibat
283 2971 310 3018 et
329 2961 427 3019 subito
445 2961 593 3035 pallentes
611 2970 729 3035 torpeat
746 2970 836 3018 artus.

150 3047 272 3103 Volvite
293 3047 498 3120 praecipitem,
520 3065 587 3103 mea
606 3046 684 3114 licia,
706 3046 818 3103 volvite
839 3046 1007 3102 rhombum.

191 3130 301 3187 Scinde
317 3148 408 3186 manu
425 3130 576 3203 leporem,
595 3130 706 3203 leporis
724 3130 909 3203 penetrabile
925 3131 1016 3187 virus

151 3214 296 3271 Nascitur
317 3215 388 3271 Eois
405 3215 454 3270 hic
470 3213 611 3271 fluctibus
621 3233 628 3287 3
649 3215 752 3271 attulit
770 3214 873 3289 Aegle,

153 3298 253 3356 Docta
269 3299 373 3372 Aegle,
392 3299 541 3372 jussitque
560 3299 714 3355 inimicum
733 3308 855 3372 tangere
873 3297 973 3355 limen.

153 3382 248 3440 Curre
266 3401 329 3457 age,
350 3392 440 3457 tange
459 3382 557 3452 simul,
577 3382 667 3439 simul
685 3382 786 3439 obline
797 3401 804 3455 ;
825 3400 890 3440 cras
908 3383 984 3439 mihi
1002 3399 1115 3456 poenas

151 3466 289 3524 Perfidus
305 3467 357 3524 ille
373 3467 467 3535 dabit,
486 3475 582 3541 gemet
600 3468 666 3540 ipso
683 3468 713 3522 in
731 3466 834 3523 limine
853 3468 973 3523 Maeon.

151 3552 253 3609 Sistite
272 3553 468 3625 praecipitem
486 3550 551 3624 jam
570 3568 659 3622 nune,
678 3569 745 3607 mea
764 3551 843 3621 licia,
864 3551 1032 3608 rhombum.

193 3635 322 3693 Contere
341 3645 369 3693 et
388 3636 521 3709 alcyonis
539 3635 646 3692 nidum
663 3635 738 3691 mihi
748 3653 756 3708 3
777 3634 891 3709 pellere
908 3643 1013 3691 ventos
1154 3636 1192 3693 70

142 3721 271 3778 Ih'citnr
285 3729 316 3778 et
330 3739 435 3779 saevas
450 3719 555 3799 pelagi
571 3719 703 3778 mulcere
719 3718 881 3796 procellas.
