2542 4102
245 182 391 231 ECLOGA
416 183 446 240 V,
464 181 656 230 HERPYLIS
673 178 1003 230 PHARMACEUTRIA
1110 178 1145 235 'll

317 449 606 509 CASSANDRAE
634 446 939 518 MARCHESIAE,

419 622 566 678 Murrani
587 633 833 676 PRAESTANTISS.

172 788 348 846 ECLOGA
371 789 408 859 V,
431 785 656 844 HERPYLIS
678 781 1084 842 PHARMACEUTRIA.

438 956 599 1012 DouriAs.
644 955 819 1012 'Pharoou
891 958 894 963 ’

150 1108 209 1166 Sed
225 1109 290 1182 jam
305 1107 445 1182 vulgatos
462 1117 490 1164 et
506 1125 560 1163 rios
577 1105 744 1162 referamus
761 1121 876 1162 amores

110 1196 195 1264 Quos
209 1194 321 1266 pariter
338 1201 425 1266 grata
440 1191 557 1264 scopuli
573 1190 732 1264 pendentis
748 1190 778 1244 in
793 1189 902 1246 umbra

111 1278 194 1333 Hinc
214 1277 353 1350 Dorylas
371 1277 441 1332 hinc
458 1275 585 1332 Teleboi
601 1276 693 1332 maris
710 1273 815 1331 accola
831 1273 975 1347 Thelgon

111 1363 268 1418 Certantes
286 1361 423 1431 docuere,
442 1360 550 1435 quibus
569 1377 643 1415 cava
660 1359 752 1415 litora
768 1367 796 1414 et
813 1358 877 1431 ipse

109 1446 283 1520 Aequoreos
304 1445 463 1501 Platamon
483 1461 660 1518 sacrumque
679 1442 833 1516 Serapidis
851 1451 972 1498 antrum

111 1530 188 1586 Cum
208 1528 294 1586 fonte
313 1538 341 1585 et
362 1528 514 1602 Nymphis
534 1527 718 1584 assultavere
736 1527 870 1583 marinis,

151 1615 200 1670 'l‘u
218 1614 302 1684 mihi,
322 1631 376 1669 seu
390 1612 495 1669 doctas
513 1613 663 1686 percurris
682 1610 819 1667 Palladis
836 1618 915 1666 artes

112 1699 328 1772 Maeoniaeque
346 1715 452 1753 aurum
469 1706 497 1753 et
514 1696 705 1770 subtegmina
720 1696 815 1752 vincis
831 1693 996 1764 Arachnes,

110 1782 169 1838 Seu
189 1781 348 1855 Dryadum
367 1781 482 1838 choreis
501 1789 646 1854 coetuque
665 1779 797 1835 immista
818 1779 935 1834 Dianae

110 1865 206 1922 Haud
221 1866 320 1922 minor
336 1864 450 1921 incedis
465 1866 606 1940 pictaque
623 1864 759 1920 accincta
774 1863 918 1937 pharetra
1116 1861 1151 1914 10

110 1950 231 2006 Venatu
246 1950 416 2022 Prochyten
428 1958 623 2023 maternaque
637 1965 731 2022 regna
745 1946 758 2002 i
762 1947 867 2022 artigas

111 2033 179 2090 Sive
194 2034 370 2089 Dicarcheis
385 2051 445 2108 qua
457 2033 589 2089 molibus
603 2032 699 2088 assilit
713 2049 825 2106 aequor

112 2117 263 2174 Ludentes
279 2127 395 2191 spectas
413 2116 571 2188 Nereidas,
588 2134 624 2172 en
639 2133 694 2191 age
708 2125 827 2172 nostros

117 2201 165 2275 (Si
181 2203 248 2276 quis
264 2201 359 2258 honos
375 2201 492 2277 pelagi)
517 2200 697 2270 Cassandra,
715 2218 752 2257 en
768 2200 868 2273 aspice
884 2199 977 2256 lusus.

112 2285 185 2343 Non
202 2287 322 2360 ingrata
338 2303 412 2342 cano
429 2286 607 2359 penitusque
622 2285 748 2358 injussa,
765 2301 861 2359 neque
877 2300 1021 2357 umquam

111 2370 277 2445 Arguerint
295 2379 422 2426 ventura
438 2371 512 2426 meis
529 2378 558 2426 te
573 2369 695 2426 saecula
709 2369 821 2425 chartis

114 2455 310 2511 Praeteritam
320 2473 328 2527 3
348 2453 451 2519 faueat
468 2453 558 2510 modo
577 2471 638 2511 non
655 2454 767 2509 invitus
784 2450 901 2526 Apollo

113 2539 154 2594 Et
171 2557 246 2613 quae
263 2557 310 2594 me
329 2537 415 2594 facili
433 2555 539 2594 vexere
556 2555 609 2611 per
627 2554 759 2611 aequora
775 2555 859 2594 remo

113 2623 254 2693 Pierides,
274 2624 357 2697 queis
374 2622 468 2696 longa
482 2622 545 2679 dies
562 2632 590 2678 et
606 2623 730 2679 nomina
747 2638 844 2678 curae.

114 2707 233 2763 Interea
251 2706 389 2780 Dorylan
405 2707 491 2780 juvet
507 2706 557 2762 hic
573 2706 677 2762 audire
694 2714 858 2761 canentem.

559 2839 703 2914 Dorylas.

154 2958 276 3015 Sebethi
295 2958 334 3014 ad
354 2958 487 3032 liquidas
506 2956 701 3014 descenderat
722 2956 869 3031 Herpylis
888 2955 995 3026 undas

114 3042 261 3116 Herpylis
281 3042 454 3099 Euhoidum
472 3060 533 3099 non
551 3041 668 3111 ultima,
687 3057 778 3115 quam
795 3049 880 3114 pater
898 3040 998 3097 Alcon

114 3126 245 3197 Erudiit‚
266 3127 362 3183 Musis
378 3136 407 3182 et
424 3126 546 3199 Phoebo
563 3127 701 3199 cognitus
718 3124 826 3181 Alcon.

113 3211 245 3267 Venerat
263 3220 292 3266 et
309 3212 382 3267 socii
399 3219 516 3285 partem
534 3210 670 3266 subitura
687 3209 801 3268 laboris

115 3295 277 3352 Unanimis
292 3313 376 3352 soror
392 3304 420 3351 et
436 3294 590 3351 calathum
606 3294 643 3351 de
658 3312 742 3351 more
758 3293 884 3350 ferebat.

115 3380 187 3452 Ipsa
206 3397 307 3435 comas
327 3379 425 3436 effusa
443 3379 609 3453 pedemque
629 3386 720 3435 exuta
738 3379 893 3435 sinistrum

115 3463 193 3520 Cum
210 3463 332 3537 philtris
349 3463 475 3538 longum
493 3463 716 3520 submurmurat
734 3468 823 3538 atque
840 3463 884 3518 ita
900 3461 999 3518 fatur:

157 3548 162 3571 ‘
177 3548 260 3604 Pone
274 3565 357 3603 aram
372 3556 401 3604 et
416 3548 500 3604 vivos
516 3548 603 3603 hauri
618 3546 655 3603 de
670 3546 792 3605 flumine
807 3563 888 3603 rores

115 3631 259 3706 Canaque
277 3633 377 3688 vicino
396 3631 522 3705 decerpe
540 3630 692 3688 absinthia
709 3648 835 3704 camp03

116 3716 210 3772 Illum
227 3716 315 3772 illum
331 3717 458 3792 magicis
474 3716 606 3774 conabor
625 3715 755 3775 adurere
772 3716 869 3775 sacris
