2574 4094
131 177 170 233 64
381 174 485 222 ACTII
502 173 668 222 SYNCERI
685 173 922 224 SANNAZARII

423 443 600 502 ECLOGA
618 444 681 515 nr,
698 442 881 502 Moesos,

294 614 467 670 Cambone
505 612 648 668 Moesus.
694 612 858 668 Cunoms,
903 613 1007 669 lorus,

578 750 723 809 Celadon.

174 870 232 925 Dic
248 869 323 926 mihi
346 869 432 942 (nam
450 870 563 940 Baulis⁷
582 887 687 926 verum
704 871 728 926 si
745 869 862 927 rettulit
879 869 995 944 Aegon,

133 954 186 1010 Bis
202 972 287 1011 senos
305 972 367 1023 vos,
388 954 505 1026 Mopse,
523 954 587 1010 dies
605 963 727 1011 tenuere
744 953 912 1028 procellae)

131 1038 214 1109 Quid
231 1047 272 1104 tu,
290 1038 364 1113 quid
382 1038 523 1096 Chromis
539 1039 662 1108 interea,
680 1038 753 1113 quid
770 1046 867 1095 vester
885 1038 975 1107 lolaS,

133 1122 214 1178 Dum
234 1122 334 1179 Notus
352 1123 478 1178 insultat
498 1121 616 1197 pelago,
636 1121 710 1178 dum
726 1132 895 1179 murmurat
912 1122 994 1179 unda
1004 1141 1012 1195 3

133 1206 252 1280 Ecquid
267 1206 392 1263 desertis
407 1208 494 1264 vacui
509 1206 623 1264 lusistis
637 1207 668 1262 in
683 1207 798 1264 antris?

580 1342 719 1414 Mopsus.

173 1460 256 1531 Quid
273 1470 393 1517 nostrae
411 1459 548 1517 facerent
566 1461 687 1534 ingrata
704 1478 757 1534 per
775 1461 838 1518 otia
856 1461 973 1530 Musae,

132 1545 159 1602 O
181 1544 339 1602 Celadon?
380 1544 488 1619 Neque
508 1553 572 1601 tum
590 1545 721 1601 conchas
740 1546 864 1618 impune
883 1544 992 1601 licebat

133 1631 189 1686 Per
206 1630 354 1702 scopulos,
372 1647 432 1685 non
449 1628 601 1702 octipedes
618 1637 735 1686 tentare
750 1647 882 1704 paguros
892 1648 900 1702 3

131 1713 201 1787 Jam
218 1712 361 1788 fragilem
377 1715 409 1769 in
426 1714 503 1771 sicco
520 1713 680 1771 munibant
697 1703 770 1770 saxa
785 1713 943 1787 phaselum

132 1799 274 1872 Raraque
292 1816 345 1871 per
364 1797 472 1872 longos
491 1797 664 1872 pendebant
683 1799 760 1855 retia
776 1816 891 1870 remos;
1142 1801 1181 1856 10

131 1882 210 1938 Ante
228 1882 319 1955 pedes
336 1882 485 1957 cistaeque
501 1883 581 1938 leves
598 1881 740 1956 hamique
757 1881 900 1956 jacebant

133 1967 173 2023 Et
191 1965 300 2023 calami
317 1983 480 2040 nassaeque
498 1975 527 2023 et
544 1966 667 2022 viminei
683 1966 859 2040 labyrinthi.

131 2052 212 2107 Tum
232 2049 373 2108 Chromis
393 2050 547 2107 Inarimen
567 2059 714 2124 spectans,
735 2049 815 2106 ‘His
827 2050 844 2121 ’‚
865 2051 973 2126 inquit,
995 2050 1051 2107 ‘ab
1069 2052 1133 2108 oris

138 2134 203 2210 (Ah
221 2134 321 2191 dirum
338 2134 493 2207 exsilium)
515 2143 637 2192 nostrae
655 2135 770 2192 solvere
788 2136 917 2204 carinae,

133 2218 212 2276 Cum
229 2237 330 2293 regem
347 2229 415 2292 post
430 2219 514 2276 bella
531 2237 617 2276 suum
635 2220 780 2276 comitata
795 2218 939 2292 juventus

25 2354 33 2373 ,
133 2303 250 2376 Ignotis
268 2302 369 2377 pelagi
387 2304 482 2360 vitam
500 2305 700 2360 committeret
717 2302 816 2360 undis,

132 2387 218 2458 Quae
235 2395 335 2444 tamen
360 2386 408 2460 (ut
426 2387 512 2444 fama
528 2387 587 2461 est)
611 2386 761 2462 Ligurum
777 2405 830 2461 per
846 2406 927 2458 saxa,
947 2405 1000 2462 per
1018 2386 1096 2444 altas

132 2470 316 2529 Stoechadas
336 2473 457 2529 emicuit
477 2471 681 2546 Rhodanique
701 2473 821 2528 invecta
840 2490 894 2546 per
914 2489 1033 2528 amnem

138 2555 237 2625 (Nam
251 2556 328 2613 bene
343 2556 367 2613 si
381 2557 513 2626 memini,
530 2556 715 2614 Rhodanum
731 2555 882 2614 referebat
898 2555 1056 2628 Amilcon)

37 2681 40 2687 -
132 2639 248 2697 Oceani
265 2639 404 2698 madidas
421 2640 499 2698 vidit
517 2639 669 2697 refluentis
686 2640 814 2698 harenas
1137 2643 1179 2698 20

133 2724 173 2780 Et
193 2743 270 2799 quae
291 2724 443 2782 caeruleos
464 2724 571 2799 procul
593 2725 700 2797 aspicit
720 2744 774 2783 ora
795 2725 968 2792 Britannos,

132 2808 203 2880 Qua
222 2807 296 2882 (nisi
310 2826 389 2865 vana
404 2808 522 2882 ferunt)
545 2809 660 2884 quoties
675 2810 768 2866 maris
780 2809 865 2867 unda
878 2808 999 2879 recedit,

134 2892 300 2963 indigenae
320 2898 445 2965 captant
464 2891 562 2949 nudos
582 2911 635 2967 per
652 2892 746 2950 litora
765 2892 890 2966 pisces'.

173 2974 252 3047 ‘Ne
271 2976 405 3045 Chromi‚
423 2996 461 3033 ne
478 2976 577 3033 luctus
593 2995 705 3034 renova
716 2976 734 3047 ’‚
752 2977 907 3051 respondit
926 2978 1017 3048 Iolas,

133 3061 206 3119 ‘Sat
223 3070 292 3118 tuus
307 3061 382 3117 haec
397 3061 483 3118 nobis
500 3060 624 3118 Lucrini
642 3080 738 3134 nuper
755 3061 793 3119 ad
809 3061 924 3119 undam
1024 3110 1028 3117 .

132 3145 280 3203 Narravit
297 3144 448 3220 Lycabas:
467 3145 567 3204 Solem
583 3165 613 3203 se
628 3145 744 3203 scilicet
761 3145 826 3203 illic

132 3231 232 3293 Trans
247 3228 355 3287 fluctus
371 3238 454 3289 trans
469 3239 498 3287 et
513 3230 606 3287 nubes
621 3229 732 3287 vidisse
748 3231 905 3288 cadentem

133 3313 228 3370 Haud
244 3314 332 3371 aliter
347 3333 438 3389 quam
454 3315 478 3371 si
492 3315 603 3372 nostris
618 3333 632 3372 e
648 3314 801 3372 montibus
816 3315 904 3373 illum

134 3398 260 3471 Cajetae
282 3399 429 3471 aspiceret
450 3399 540 3473 longe
561 3408 629 3472 post
650 3399 742 3456 litora
762 3398 846 3458 ferri.

133 3482 200 3539 Nec
217 3484 376 3556 strepitum
394 3484 518 3539 sensisse
536 3484 650 3541 ruentis
669 3483 705 3539 ab
724 3483 842 3540 aethere
860 3501 973 3540 currus,

134 3569 293 3624 Praeterea
310 3585 407 3624 mores
426 3567 610 3641 populorum
629 3567 776 3642 urbesque
794 3566 936 3641 locosque

131 3651 284 3724 Exposuit
301 3669 488 3728 quernasque
506 3650 611 3709 domos
628 3659 657 3708 et
672 3651 775 3726 lignea
791 3660 877 3708 tecta.

110 3734 252 3802 Addidit
269 3746 301 3804 et
318 3739 420 3805 varias
447 3738 526 3825 (heu
540 3737 679 3804 barbara
693 3735 837 3811 nomina}
860 3743 976 3815 pentes„
