2542 4102
147 199 186 258 86
513 196 661 246 ECLOGA
681 196 729 245 IV.
747 209 824 258 4372

180 376 219 422 43.
239 363 313 422 Virg.
331 363 388 411 Ecl.
407 362 440 410 vi.
459 375 499 422 43,
519 362 575 410 ‘his
595 362 715 422 adiungit
725 363 739 410 '.

181 443 220 490 44.
240 430 314 489 Virg.
334 431 398 478 Aen.
419 430 451 476 vi.
475 442 511 489 13,
530 429 651 478 ‘Triviae
671 429 773 486 lucos’;
794 429 828 477 ib.
849 441 888 488 42,
907 429 1037 478 ‘excisum
1060 429 1191 478 Euboicae

149 497 217 545 latus
234 497 325 556 ingens
343 497 415 556 rupis
432 498 459 545 in
477 505 580 545 antrum
590 498 604 544 '.

181 575 220 624 45.
240 565 284 612 Sil.
305 564 362 612 ltal.
381 565 423 612 xii.
444 577 496 623 132,
513 565 683 612 ‘Cimmerias
702 600 707 611 .
726 600 731 611 .
751 564 872 621 domos';
890 564 974 623 Pliny,
991 565 1026 613 N.
1041 563 1079 612 H.
1096 564 1134 612 iii.
1151 563 1191 620 61,

149 632 294 684 ‘Avernus
320 632 393 680 iuxta
417 648 491 690 quem
519 632 687 679 Cimmerium
713 631 839 691 oppidum
865 632 1020 690 quondam’.
1064 631 1191 687 Pontano,

149 701 190 747 De
210 699 274 747 Bell.
295 699 379 759 Neap.
402 699 445 746 lib.
469 699 501 753 vi,
523 699 682 753 ‘Cimmerii
704 713 785 758 genus
805 699 940 746 hominum
963 700 1041 746 furtis
1063 714 1091 746 ac
1111 698 1191 746 latro·

149 767 224 813 ciniis
252 774 390 818 assuetum,
418 766 494 824 hique
521 782 611 825 specus
638 782 716 825 quam
741 766 831 814 domos
858 765 941 825 magis
967 765 1122 821 incolebant,
1150 766 1191 813 de·

150 836 285 895 ductisque
303 836 458 883 intrinsecus
477 836 524 883 sub
543 844 638 883 terram
655 835 782 883 cuniculis
802 834 1001 882 diversabantur
1012 834 1025 882 ’.

184 911 221 960 54.
242 900 314 959 Virg.
330 901 394 948 Aen.
411 900 443 947 vi.
458 904 514 959 465,
529 901 606 947 ‘siste
622 899 732 959 gradum
743 900 757 947 '.

185 978 221 1026 51).
243 968 315 1026 Virg.
335 967 391 1014 Erl.
413 968 445 1014 vi.
465 971 504 1020 61,
524 969 595 1015 ‘turn
613 968 683 1015 canit
693 967 707 1015 ².

183 1036 221 1081 6ο.
240 1032 407 1082 auricomae:
432 1051 471 1093 cp.
495 1035 627 1082 lloiardo’s
649 1035 721 1082 Siren
743 1035 806 1082 ‘con
827 1033 849 1081 le
869 1034 968 1082 chiome
988 1033 1107 1090 bionde',
1127 1035 1191 1084 Son·

150 1104 196 1149 etti
217 1119 230 1149 e
252 1103 378 1153 Canzone.
402 1112 454 1160 171),
476 1115 515 1161 41.
548 1101 642 1160 'Lyly's
665 1102 745 1160 Syron
767 1101 814 1149 has
835 1100 946 1160 ‘golden
966 1101 1078 1156 lockes',
1097 1101 1193 1149 Love’s

151 1173 289 1220 arnamar.
311 1172 345 1219 iv.
369 1184 390 1224 2,
413 1172 463 1219 and
487 1171 684 1230 Shalrespeare’s
706 1170 752 1218 has
775 1171 886 1230 ‘golden
908 1170 1005 1225 hairs',
1028 1168 1143 1230 Comedy
1164 1170 1194 1227 ol

63 1272 65 1276 .
150 1235 256 1287 lirrors,
279 1235 314 1283 iii.
338 1248 359 1291 2,
382 1237 421 1295 48.
461 1235 552 1283 altum
574 1233 603 1282 in
626 1235 720 1283 monte
743 1234 911 1295 sepulcrum:
939 1252 978 1295 cp.
1002 1235 1129 1290 Pontano,
1152 1236 1194 1284 De

151 1301 215 1351 Bell.
236 1303 319 1363 Neap.
339 1303 372 1358 vi,
391 1305 436 1350 ‘ac
456 1304 557 1350 tametsi
576 1320 640 1362 quac
661 1303 691 1351 de
712 1303 846 1351 Sirenibus
866 1302 989 1351 dicuntur
1008 1301 1130 1362 pleraque
1150 1301 1194 1350 ha·

152 1369 244 1418 hentur
268 1370 395 1423 fabulosa,
418 1371 549 1429 proditum
572 1378 656 1418 tamen
678 1379 715 1418 est
737 1370 885 1426 memoriae,
905 1377 981 1429 atque
1002 1373 1040 1418 ita
1058 1370 1194 1418 hominum

152 1438 240 1497 opinio
260 1438 349 1490 tenuit,
370 1438 445 1485 unius
463 1454 493 1485 ex
511 1437 547 1485 eis
566 1437 699 1485 conditum
719 1437 885 1496 sepulchrum
903 1437 1012 1486 editiore
1030 1437 1057 1484 in
1076 1436 1142 1485 colle
1162 1435 1195 1485 ad

152 1504 272 1552 ultimum
294 1505 372 1552 maris
395 1506 480 1552 sinum
502 1505 602 1552 dedisse
622 1504 682 1552 colli
704 1520 805 1560 nornen,
826 1511 996 1563 vocatumque
1018 1503 1093 1552 illum
1113 1520 1145 1552 ex
1165 1519 1195 1552 eo

154 1572 342 1631 Parthenopen,
363 1573 431 1631 quod
452 1588 545 1619 nornen
566 1579 623 1631 post
645 1572 696 1619 suit
716 1573 794 1620 etiam
815 1571 887 1619 urbis
907 1572 962 1619 eius
982 1586 1047 1631 quae
1067 1586 1137 1619 nunc
1157 1579 1196 1618 est

156 1642 311 1701 Neapolis’;
334 1642 496 1696 Fracastoro,
516 1642 558 1688 De
575 1642 662 1689 Morb.
682 1641 749 1690 Gall.
768 1641 784 1688 i.
806 1653 852 1688 210
875 1639 920 1699 (os
938 1640 1085 1699 Pontano),
1102 1638 1196 1701 ‘longe

154 1706 253 1753 tumulo
273 1707 370 1753 Sirenis
390 1706 422 1754 ab
441 1706 493 1754 alto
515 1702 518 1768 4
542 1705 702 1765 prospiciens
712 1706 726 1754 ’.

186 1776 224 1820 61.
244 1775 290 1832 Cp.
316 1774 389 1832 Livy,
413 1774 465 1820 viii.
489 1786 527 1827 22,
551 1785 572 1832 5,
595 1772 758 1832 ‘Palaepolis
782 1773 833 1821 fuit
855 1773 926 1821 haud
947 1771 1038 1832 procul
1058 1771 1128 1830 inde,
1152 1772 1197 1820 ubi

153 1856 221 1887 nunc
243 1841 366 1899 Neapolis
386 1841 434 1889 sita
453 1848 497 1888 est.
534 1841 635 1888 duabus
655 1840 763 1888 urbibus
783 1839 895 1900 populus
914 1839 983 1888 idern
1001 1839 1145 1888 habitabat.
1165 1848 1198 1888 'a

154 1909 243 1955 Cumis
261 1915 334 1955 erant
353 1909 473 1964 oriundi;
493 1909 604 1956 Cumani
623 1907 745 1956 Chalcide
766 1907 884 1955 Euboica
900 1906 1028 1966 originem
1047 1906 1156 1955 trahunt
1166 1907 1180 1954 '.

186 1975 267 2032 63-66.
287 1972 372 2034 ducit,
393 1972 510 2034 attollit,
531 1973 642 2034 aequat,
665 1971 814 2035 protendit,
833 1973 896 2023 dat:
923 1974 964 2022 the
987 1974 1074 2033 singer
1094 1973 1117 2020 is
1140 1972 1199 2022 said

156 2050 180 2088 to
198 2043 231 2089 do
249 2042 304 2089 that
322 2042 404 2089 which
423 2043 453 2089 he
471 2042 599 2090 describes
618 2059 645 2090 as
664 2043 736 2090 done.
772 2043 818 2101 Cp.
837 2041 911 2101 Virg.
930 2042 986 2090 Ecl.
1005 2041 1038 2089 vi.
1056 2041 1096 2100 46,
1114 2041 1199 2102 ‘sola-

155 2109 228 2164 tur’;
247 2110 285 2162 62,
304 2109 495 2165 ‘circumdat’;
514 2110 553 2168 63,
571 2110 664 2168 ‘erigit
675 2109 688 2156 ’.

188 2176 225 2234 63,
246 2178 292 2235 Cp.
313 2177 437 2229 l'ontano,
456 2179 496 2225 l)e
513 2178 577 2226 Bell.
596 2178 680 2237 Neop.
699 2177 724 2223 vi
748 2176 792 2234 (of
811 2175 942 2235 Naples):
960 2175 1076 2235 ‘priscae
1095 2191 1199 2236 quoque

156 2243 227 2290 urbis
248 2244 455 2301 magnificentiae
476 2252 577 2302 praeter
596 2245 653 2303 ipsa
673 2244 775 2292 moenia
795 2244 907 2291 maximo
927 2252 965 2292 est
985 2243 1082 2292 indicio
1101 2242 1200 2292 fluvius

156 2311 224 2358 intra
248 2311 336 2358 urbem
360 2312 480 2359 inductus
502 2319 625 2358 excavato
649 2328 710 2358 saxo
733 2312 758 2358 in
782 2328 833 2370 quo
857 2319 929 2359 vetus
953 2311 1013 2359 urbs
1037 2317 1091 2359 tota
1112 2310 1200 2360 inerat

158 2378 291 2425 lundata'.

188 2446 226 2491 oo.
246 2444 410 2505 Euploeam:
433 2462 471 2492 see
488 2447 544 2493 lid.
562 2445 587 2491 ii.
604 2458 635 2504 32
652 2461 676 2493 n.

189 2513 227 2570 ⁶7·
247 2511 366 2560 Pharon:
391 2514 436 2571 (tp.
458 2515 520 2559 Stat.
540 2514 604 2559 Silo.
626 2513 660 2560 iii.
682 2522 703 2571 5,
726 2526 768 2559 ror
793 2512 836 2572 (ol
856 2512 897 2560 the
918 2513 1016 2561 Pharos
1035 2511 1065 2560 of
1084 2512 1200 2572 Capri):

156 2579 194 2626 ‘T
196 2579 362 2638 cloboumrpre
382 2581 479 2634 domos,
499 2581 607 2639 trepidis
628 2580 669 2628 uhi
689 2580 776 2628 dulcia
794 2579 881 2627 nautis
903 2574 906 2641 4
928 2579 1027 2628 lumina
1044 2579 1200 2639 noctivagae

156 2646 224 2694 tollit
243 2647 343 2694 l‘harus
361 2647 461 2694 aemula
478 2647 578 2694 lunae’.
611 2645 722 2707 Jungit:
743 2648 784 2695 the
802 2647 912 2706 reading
928 2648 958 2694 of
974 2647 1015 2695 the
1034 2646 1129 2695 Aldine
1146 2647 1200 2695 edi·

157 2714 209 2761 tion
229 2714 259 2760 os
281 2725 349 2772 1535.
389 2715 500 2762 1111111111)
522 2732 577 2762 uses
599 2715 639 2762 the
659 2715 730 2762 word
751 2715 777 2762 in
797 2732 812 2763 a
830 2714 930 2762 similar
950 2728 1067 2774 passage,
1086 2713 1144 2762 Ecl.
1165 2714 1200 2762 vi.

157 2793 196 2839 32,
213 2781 314 2839 ‘iungit
330 2789 354 2828 et
372 2781 509 2829 lletrnseis
525 2798 651 2840 praesago
668 2790 769 2840 pectore
786 2781 867 2840 glebis
886 2777 889 2843 4
908 2782 1068 2829 concrevisse
1083 2781 1175 2840 Tagen
1186 2782 1201 2831 ².

158 2848 212 2895 'the
234 2848 288 2895 srrst
309 2849 415 2901 edition,
437 2849 542 2908 Naples,
565 2854 633 2908 1526,
655 2852 705 2898 and
727 2851 768 2897 the
791 2850 863 2897 l'aris
883 2850 980 2898 edition
1001 2850 1031 2897 of
1053 2859 1114 2909 1527
1135 2849 1202 2898 have

157 2915 245 2964 vincit.
382 2920 386 2928 '

192 2987 229 3044 67.
249 2997 318 3034 saxa
335 2983 496 3035 Teleboum:
518 2986 558 3034 the
575 2985 660 3034 island
677 2986 708 3033 of
724 2985 810 3045 Capri.
847 2985 893 3045 Cp.
910 2986 985 3045 Virg.
1002 2984 1066 3033 Aen.
1083 2983 1127 3033 vii.
1146 2993 1202 3045 735,

158 3050 314 3097 ‘Teleboum
332 3051 445 3108 Capreas
463 3067 520 3098 cum
539 3067 618 3109 regna
637 3051 756 3098 tenerct’.

192 3118 229 3165 68.
248 3119 303 3165 The
324 3117 409 3165 fertile
428 3117 498 3177 plain
517 3119 547 3165 os
566 3119 606 3167 rho
626 3120 716 3167 Sarno.
752 3118 806 3166 The
827 3118 895 3165 river
914 3134 977 3166 runs
995 3117 1062 3166 close
1081 3124 1106 3165 1ο
1126 3117 1202 3166 Porn-

159 3185 217 3243 peii.
254 3186 299 3244 (lp.
318 3186 487 3232 Sannazaro’s
504 3187 610 3238 Salices.
631 3188 666 3239 18.
686 3187 753 3245 ‘qua
771 3186 880 3245 pinguia
896 3185 967 3233 culta
985 3184 1097 3234 vadosus
1117 3178 1121 3246 4
1142 3185 1202 3233 1111·

160 3259 211 3309 gat,
226 3259 250 3299 et
266 3251 368 3311 placido
382 3269 459 3300 cursu
475 3254 538 3312 petit
554 3270 665 3313 aequora
681 3254 778 3301 Sarnus
789 3253 802 3302 ³.
835 3250 954 3313 Pinguia
968 3252 1057 3301 culta:
1077 3268 1092 3300 a
1106 3251 1202 3312 phrase

160 3320 228 3366 lronr
246 3319 341 3377 Virgil.
359 3320 389 3367 G.
406 3320 438 3366 iv.
454 3331 509 3378 372.
526 3321 590 3369 lien.
607 3320 660 3367 viii.
677 3321 716 3379 63,
733 3338 755 3368 x.
775 3333 827 3380 141.

193 3387 231 3441 61).
252 3387 297 3445 Cp.
317 3386 391 3445 Virg.
411 3389 467 3436 ΕΛ,
486 3388 518 3434 vi.
538 3387 576 3446 64.
596 3388 666 3435 ‘turn
686 3388 778 3435 canit.
799 3425 803 3435 .
823 3388 875 3443 ut’,
892 3395 947 3441 etc,
966 3387 1016 3436 and
1036 3387 1077 3435 the
1095 3385 1203 3448 compli-

160 3461 278 3513 mcntary
303 3454 478 3502 introduction
505 3455 534 3502 os
559 3455 667 3513 Virgil's
694 3455 779 3502 friend
805 3455 905 3503 Gallus,
947 3452 1090 3514 Corydona
1113 3469 1204 3503 means

161 3520 255 3578 Virgil.
290 3519 440 3570 Melisaeus
458 3538 545 3569 means
564 3523 693 3570 (lioviano
712 3523 837 3575 Pontano,
855 3538 883 3570 as
899 3523 926 3569 in
944 3520 1001 3569 Ecl.
1019 3521 1045 3569 ii.
1063 3533 1103 3580 42.

196 3599 275 3647 71-72.
295 3589 368 3647 Virg.
383 3590 439 3637 ΕΛ.
455 3589 480 3641 ii.
499 3603 518 3645 1,
534 3590 695 3637 ‘formosum
711 3596 799 3648 pastor
814 3589 935 3648 Corydon
952 3589 1059 3638 ardebat
1074 3587 1202 3647 Alexim’3

161 3655 214 3702 viii.
236 3669 254 3710 1,
273 3657 422 3716 ‘pastorum
441 3673 540 3704 musam
559 3657 685 3704 Damonis
702 3664 726 3704 et
744 3655 942 3716 Alphesiboei’;
963 3656 1033 3705 Serv.
1051 3672 1083 3704 on
1100 3655 1159 3705 Ecl.
1176 3657 1204 3705 ii.

154 3735 174 3775 1,
200 3724 365 3784 ‘Corydonis
383 3724 408 3773 111
429 3740 542 3786 persona
563 3723 696 3784 Vergilius
716 3723 903 3782 intellegitur'.
