2542 4102
480 202 625 250 ECLOGA
646 202 669 249 I.
688 202 780 262 94-128
1113 202 1149 259 79

120 373 223 432 ,94-96.
244 372 290 431 Cp.
309 371 405 419 Tibull.
426 371 441 418 i.
461 385 484 430 3,
502 371 576 418 61-62
600 370 644 429 (oi
662 370 704 418 the
724 368 816 429 Campi
836 368 946 429 Elysii),
966 369 1036 416 ‘fert
1053 367 1149 416 casiam

40 452 43 460 ’
109 455 159 486 non
181 438 251 487 culta
273 454 354 498 seges,
375 445 492 498 totosque
515 454 560 497 per
583 453 661 497 agros
677 433 689 498 Ι
714 437 788 485 floret
809 437 925 485 odoratis
947 443 1016 484 terra
1036 435 1150 494 benigna

109 508 206 564 rosis';
227 508 302 565 Virg.
322 507 386 554 Aen.
408 507 440 553 xi.
461 505 500 561 68,
520 505 655 564 ‘virgineo
675 504 820 552 demessum
839 502 932 563 pollice
951 503 1072 560 florem';
1092 504 1149 551 Ecl.

109 578 135 625 ii.
151 588 191 637 47,
207 576 348 637 ‘pallentes
364 575 447 624 violas
457 576 478 633 '3
496 574 574 631 Ovid‚
588 575 618 623 F.
635 591 658 623 v.
674 584 729 634 255,
746 573 879 633 ‘decerpsi
893 572 986 634 pollice
1003 571 1092 621 florem
1101 571 1116 618 '.

143 653 180 701 97.
201 642 247 700 Cp.
273 642 347 700 Virg.
373 641 430 688 Ecl.
457 657 480 687 v.
505 640 544 699 65,
571 640 621 687 ‘sis
645 639 728 687 bonus
754 655 768 687 o
794 638 909 698 felixque
935 638 1018 694 tuis’;
1046 637 1150 687 Milton.

109 709 231 768 Lycidas,
256 709 308 767 183,
331 708 512 756 ‘Henceiorth
535 708 597 755 thou
619 723 661 754 are
683 706 725 755 the
748 706 846 755 Genius
867 706 897 754 os
918 706 959 753 the
981 705 1064 760 shore,
1088 699 1091 766 Ι
1118 704 1150 751 ln

111 776 155 835 thy
171 775 243 835 large
259 791 431 835 recompense,
449 775 499 823 and
516 774 584 822 shalt
599 774 629 822 be
646 774 713 834 good
732 768 735 836 Ι
754 774 793 821 To
808 772 842 821 all
859 773 915 821 that
930 773 1035 821 wander
1051 773 1078 819 in
1095 772 1150 819 that

109 844 224 902 perilous
242 842 311 891 flood
321 844 335 891 ’.
915 864 918 873 ·

143 924 241 970 99-100.
260 911 335 970 Virg.
354 910 411 959 Ecl.
433 926 455 957 v.
477 921 514 969 79,
534 909 579 957 ‘ut
600 909 701 958 Baccho
722 908 868 968 Cererique,
888 882 935 989 tiqi
956 909 991 955 sic
1011 914 1071 956 vota
1090 922 1150 966 quo-

110 978 195 1025 tannis
212 973 215 1039 Ι
233 977 362 1037 agricolae
378 978 499 1025 facient'.
922 994 927 1007 ·

146 1055 257 1103 101-105.
278 1045 323 1103 Cp.
346 1045 421 1103 Virg.
445 1044 501 1093 Ecl.
525 1061 547 1092 v.
571 1057 654 1103 42-44,
679 1043 719 1091 ‘et
742 1042 871 1091 tumulum
895 1042 982 1109 facite,
1003 1041 1151 1090 et-tumulo

111 1113 291 1171 superaddite
309 1128 427 1159 carmen:
446 1108 449 1171 Ι
470 1111 616 1169 “Daphnis
633 1127 681 1169 ego
697 1111 724 1158 in
742 1110 823 1166 silvis,
840 1110 900 1157 hinc
918 1110 998 1169 usque
1016 1109 1048 1157 ad
1066 1108 1152 1157 sidera

110 1187 194 1234 notus,
217 1174 220 1241 Ι
244 1180 352 1226 formosi
372 1180 471 1238 pecoris
490 1186 585 1233 custos,
605 1179 745 1225 formosior
764 1178 818 1237 ipse
829 1177 843 1201 ’'
854 1178 868 1225 ’.

147 1257 257 1306 104-105.
278 1246 344 1294 Plin.
368 1246 404 1293 N.
429 1249 466 1295 H.
490 1246 525 1293 iii.
550 1246 590 1300 62,
614 1245 757 1305 ‘Neapolis
776 1282 781 1292 .
800 1281 805 1292 .
826 1245 988 1304 Parthenope
1013 1261 1027 1292 a
1052 1243 1151 1292 tumulo

112 1315 209 1361 Sirenis
227 1314 372 1373 appellata’
382 1331 388 1371 ;
408 1314 471 1362 Stat.
488 1315 552 1365 Sila.
569 1314 585 1360 i.
603 1327 626 1372 3,
643 1314 698 1369 260,
716 1313 758 1361 ‘at
776 1320 798 1360 te
815 1319 963 1360 nascentem
980 1313 1079 1371 gremio
1096 1327 1152 1359 mea

111 1383 196 1440 prima
211 1382 306 1440 recepit
326 1377 328 1442 Ι
350 1381 520 1439 Parthenope,
538 1380 671 1439 dulcisque
689 1380 743 1427 solo
760 1387 787 1428 tu
805 1378 889 1438 gloria
906 1386 995 1427 nostro
1012 1374 1017 1440 Ι
1036 1379 1151 1437 reptasti.

111 1450 223 1496 nitidum
239 1456 380 1507 consurgat
396 1449 428 1496 ad
445 1448 548 1496 aethera
566 1448 641 1496 tellus
660 1443 663 1509 Ι
685 1448 784 1496 Eubois
799 1454 823 1495 et
839 1446 949 1506 pulchra
965 1453 1062 1494 tumeat
1079 1446 1151 1495 Sebe-

112 1517 168 1563 thos
186 1517 291 1564 alumna
302 1517 315 1563 ³.
350 1514 482 1565 Sebethe:
504 1516 545 1564 the
564 1516 663 1569 Sebeto,
681 1532 696 1563 a
711 1515 777 1563 little
794 1522 888 1562 stream
907 1515 990 1562 which
1007 1522 1093 1562 enters
1110 1514 1151 1561 the

111 1600 153 1630 sea
169 1592 194 1631 at
211 1583 316 1642 Naples.

147 1651 258 1699 106-108.
278 1652 352 1709 Virg.
370 1650 426 1698 Ecl.
445 1668 468 1698 v.
486 1661 525 1710 45.
543 1649 609 1698 ‘tale
627 1658 699 1698 tuum
716 1665 819 1697 carmen
838 1649 920 1701 nobis.
938 1649 1025 1697 divine
1042 1655 1125 1708 poeta,
1146 1647 1148 1705 !

111 1718 185 1776 quale
205 1735 282 1777 sopor
302 1719 378 1765 fessis
396 1718 423 1766 in
444 1718 568 1777 gramine,
587 1717 662 1776 quale
681 1733 727 1777 per
745 1725 844 1765 aestum
866 1710 869 1775 Ι
892 1716 975 1764 dulcis
995 1732 1075 1775 aquae
1094 1715 1152 1763 sali-

111 1794 167 1834 ente
186 1787 256 1833 sitim
275 1786 434 1844 restinguere
453 1786 509 1832 rivo
520 1786 534 1840 ³,
553 1786 604 1833 aud
622 1785 704 1844 81·84.
723 1784 803 1843 ‘quae
823 1783 878 1839 tibi,
897 1800 962 1843 quae
981 1783 1027 1832 tali
1045 1783 1151 1831 reddam
1209 1813 1211 1818 ·

111 1870 159 1912 pro
174 1854 287 1900 carmine
305 1853 391 1901 dona?
411 1849 414 1914 Ι
434 1869 494 1900 nam
509 1868 591 1911 neque
608 1869 647 1899 me
665 1859 765 1900 tantum
782 1851 909 1899 venientis
926 1851 1018 1899 sibilus
1035 1850 1126 1898 Austri
1145 1848 1149 1907 Ι

111 1937 155 1968 nec
174 1937 296 1979 percussa
311 1921 402 1968 iuvant
415 1916 499 1968 'fluctu
516 1927 568 1967 tarn
584 1920 670 1974 litora,
687 1935 732 1967 nec
750 1935 815 1978 quae
835 1914 838 1977 Ι
859 1934 964 1967 saxosas
979 1914 1047 1966 inter
1064 1917 1152 1967 decur-

112 1995 172 2035 runt
192 1987 299 2035 flumina
318 1987 430 2044 valles’;
451 1987 528 2043 ovid,
547 1987 613 2035 Her.
633 1987 676 2034 vii.
700 1999 746 2045 1-3,
765 1986 840 2034 ‘udis
859 1986 973 2034 abiectus
992 1990 1019 2033 in
1038 1985 1125 2033 herbis
1145 1981 1149 2046 Ι

112 2059 143 2106 ad
161 2059 228 2106 vada
246 2058 383 2106 Maeandri
399 2057 512 2105 concinit
530 2056 603 2104 albus
620 2056 707 2111 olor';
726 2057 762 2104 M.
780 2056 840 2104 Ant.
858 2055 1012 2110 Flaminius,
1028 2055 1153 2114 Hymnus

112 2127 137 2172 in
154 2126 235 2179 Pana,
253 2127 313 2172 ‘nec
331 2131 383 2172 tam
400 2124 474 2172 dulce
492 2131 566 2172 sonat
582 2123 675 2171 cadens
695 2114 699 2177 Ι
721 2123 771 2172 udo
787 2123 814 2171 in
833 2123 950 2183 gramine
966 2138 1062 2182 cycnus
1071 2121 1086 2168 ⁹.
1168 2115 1172 2127 ’

148 2203 259 2248 top-113.
279 2189 353 2248 Virg.
370 2190 427 2237 Ecl.
443 2189 477 2236 ir..
495 2201 534 2245 30,
551 2188 603 2236 ‘sic
621 2195 665 2236 tua
682 2188 797 2246 Cyrneas
814 2189 919 2247 fugiant
935 2187 1055 2236 examina
1072 2193 1153 2235 taxos.

115 2253 117 2308 Ι
140 2258 175 2304 sic
193 2257 274 2314 cytiso
294 2264 381 2315 pastae
400 2257 549 2304 distendant
568 2256 647 2304 ubera
665 2270 771 2303 vaccae:
792 2250 795 2315 Ι
816 2255 909 2314 incipe,
929 2255 950 2302 si
969 2255 1032 2314 quid
1049 2254 1128 2302 habes
1139 2255 1153 2301 '.

112 2323 247 2383 Megaris:
267 2340 305 2382 cp.
323 2323 389 2371 Plin.
405 2325 439 2372 N.
456 2325 492 2372 H.
509 2324 546 2370 iii.
563 2323 602 2378 82,
618 2324 701 2371 ‘inter
717 2322 887 2382 Pausilypum
903 2332 927 2370 et
944 2321 1084 2381 Neapolim
1101 2323 1153 2370 Me·

113 2392 214 2447 garis';
241 2391 303 2440 Stat.
325 2391 390 2440 Silo.
413 2391 449 2438 iii.
473 2404 495 2443 2,
518 2391 549 2438 80
573 2390 704 2449 ‘quaeque
728 2391 790 2438 ferit
812 2407 905 2439 curvos
928 2397 1016 2438 exerta
1039 2388 1154 2443 Megalia

113 2459 228 2506 ductus'.
262 2458 317 2506 The
334 2458 419 2506 island
436 2458 458 2505 is
475 2474 534 2505 now
550 2458 673 2508 occupied
690 2458 724 2517 by
741 2458 782 2506 the
799 2457 885 2506 Castel
902 2457 961 2506 dell’
980 2457 1044 2506 Ovo.
1078 2455 1152 2505 Mer-

112 2525 224 2586 gelline:
245 2526 286 2573 the
302 2526 348 2574 site
364 2526 394 2573 of
408 2525 578 2574 Sannazaro's
594 2525 665 2580 villa,
680 2532 705 2573 at
721 2525 762 2573 the
777 2531 832 2573 east
846 2525 896 2573 end
912 2525 942 2573 of
956 2525 997 2572 the
1014 2523 1136 2582 Posilipo.

149 2607 260 2652 119-120.
280 2593 354 2653 Virg.
372 2594 429 2641 Ecl.
448 2593 481 2640 ix.
500 2593 540 2651 67,
558 2593 691 2641 ‘carmina
708 2599 763 2640 tum
779 2592 879 2647 melius,
897 2608 955 2640 cum
975 2592 1073 2640 venerit
1090 2592 1153 2651 ipse,

111 2678 232 2709 canemus
242 2661 256 2708 '.

149 2742 200 2775 122.
220 2727 385 2788 Prochytae:
405 2727 446 2775 the
461 2728 546 2776 island
561 2728 591 2776 of
606 2727 723 2775 Procida.

149 2809 260 2855 123·124.
280 2796 326 2852 Cp.
346 2795 423 2850 Ovid‚
444 2797 520 2842 Trist.
539 2795 575 2842 iii.
593 2808 616 2853 3.
636 2804 717 2852 71-72,
735 2795 865 2853 ‘quosque
883 2794 954 2852 legat
972 2809 1061 2841 versus
1080 2793 1154 2841 oculo

113 2871 267 2921 properante
287 2863 379 2917 viator,
401 2858 404 2922 Ι
426 2862 569 2921 grandibus
588 2863 614 2910 in
633 2861 703 2910 tituli
721 2878 848 2909 marmore
867 2861 943 2909 caede
962 2861 1030 2909 notis
1040 2862 1054 2908 ’.

150 2931 201 2976 128.
221 2931 295 2989 Virg.
312 2930 376 2979 Aen.
395 2930 428 2978 iv.
447 2929 501 2988 561),
519 2930 575 2977 ‘eia
592 2945 647 2989 age,
666 2945 756 2987 rumpe
773 2929 890 2987 moras';
909 2928 965 2978 Ecl.
985 2946 1007 2976 x.
1028 2937 1065 2989 75,
1083 2928 1144 2977 ‘sur

114 3015 204 3058 gamus
215 2998 228 3046 '.
