<?xml version="1.0" encoding="UTF-8"?>
<!DOCTYPE html PUBLIC "-//W3C//DTD XHTML 1.0 Transitional//EN"
    "http://www.w3.org/TR/xhtml1/DTD/xhtml1-transitional.dtd">
<html xmlns="http://www.w3.org/1999/xhtml" xml:lang="en" lang="en">
 <head>
  <title>
</title>
<meta http-equiv="Content-Type" content="text/html;charset=utf-8" />
  <meta name='ocr-system' content='tesseract 3.04.00' />
  <meta name='ocr-capabilities' content='ocr_page ocr_carea ocr_par ocr_line ocrx_word'/>
</head>
<body>
  <div class='ocr_page' id='page_1' title='image "./piscatoryeclogu00sanngoog_0069.png"; bbox 0 0 2542 4102; ppageno 0'>
   <div class='ocr_carea' id='block_1_1' title="bbox 110 202 901 263">
    <p class='ocr_par' dir='ltr' id='par_1_1' title="bbox 110 202 901 263">
     <span class='ocr_line' id='line_1_1' title="bbox 110 202 901 263; baseline 0.003 -11"><span class='ocrx_word' id='word_1_1' title='bbox 110 206 147 263; x_wconf 80' lang='lat'>62</span> <span class='ocrx_word' id='word_1_2' title='bbox 359 203 465 253; x_wconf 84' lang='lat' dir='ltr'><em>ACTII</em></span> <span class='ocrx_word' id='word_1_3' title='bbox 480 202 647 253; x_wconf 83' lang='lat' dir='ltr'>SYNCERI</span> <span class='ocrx_word' id='word_1_4' title='bbox 663 203 901 254; x_wconf 84' lang='lat' dir='ltr'>SANNAZARII</span> 
     </span>
    </p>
   </div>
   <div class='ocr_carea' id='block_1_2' title="bbox 60 373 1160 3645">
    <p class='ocr_par' dir='ltr' id='par_1_2' title="bbox 111 373 938 449">
     <span class='ocr_line' id='line_1_2' title="bbox 111 373 938 449; baseline 0 -17"><span class='ocrx_word' id='word_1_5' title='bbox 111 373 194 446; x_wconf 91' lang='lat' dir='ltr'>Quid</span> <span class='ocrx_word' id='word_1_6' title='bbox 213 373 351 449; x_wconf 84' lang='lat' dir='ltr'>refugis?</span> <span class='ocrx_word' id='word_1_7' title='bbox 389 374 554 447; x_wconf 76' lang='lat' dir='ltr'>&#39;lingenda</span> <span class='ocrx_word' id='word_1_8' title='bbox 570 374 624 430; x_wconf 92' lang='lat' dir='ltr'>tibi</span> <span class='ocrx_word' id='word_1_9' title='bbox 643 375 709 448; x_wconf 83' lang='lat' dir='ltr'>jam</span> <span class='ocrx_word' id='word_1_10' title='bbox 724 373 797 432; x_wconf 91' lang='lat' dir='ltr'>lana</span> <span class='ocrx_word' id='word_1_11' title='bbox 813 385 938 449; x_wconf 88' lang='lat' dir='ltr'>paratur</span> 
     </span>
    </p>

    <p class='ocr_par' dir='ltr' id='par_1_3' title="bbox 110 458 1160 618">
     <span class='ocr_line' id='line_1_3' title="bbox 111 458 1160 533; baseline 0.002 -17"><span class='ocrx_word' id='word_1_12' title='bbox 111 458 181 531; x_wconf 89' lang='lat' dir='ltr'>Qua</span> <span class='ocrx_word' id='word_1_13' title='bbox 199 460 295 515; x_wconf 84' lang='lat' dir='ltr'>niteas</span> <span class='ocrx_word' id='word_1_14' title='bbox 316 476 495 533; x_wconf 83' lang='lat' dir='ltr'>superasque</span> <span class='ocrx_word' id='word_1_15' title='bbox 514 458 598 531; x_wconf 80' lang='lat' dir='ltr'>alias,</span> <span class='ocrx_word' id='word_1_16' title='bbox 622 458 760 526; x_wconf 81' lang='lat' dir='ltr'>Galatea,</span> <span class='ocrx_word' id='word_1_17' title='bbox 781 458 908 533; x_wconf 88' lang='lat' dir='ltr'>puellas,</span> <span class='ocrx_word' id='word_1_18' title='bbox 1118 462 1160 518; x_wconf 94' lang='lat'>40</span> 
     </span>
     <span class='ocr_line' id='line_1_4' title="bbox 110 541 1034 618; baseline 0.002 -20"><span class='ocrx_word' id='word_1_19' title='bbox 110 543 194 599; x_wconf 89' lang='lat' dir='ltr'>Lana</span> <span class='ocrx_word' id='word_1_20' title='bbox 214 544 305 600; x_wconf 89' lang='lat' dir='ltr'>maris</span> <span class='ocrx_word' id='word_1_21' title='bbox 326 544 439 616; x_wconf 89' lang='lat' dir='ltr'>spumis</span> <span class='ocrx_word' id='word_1_22' title='bbox 458 561 534 617; x_wconf 74' lang='lat' dir='ltr'>(puae</span> <span class='ocrx_word' id='word_1_23' title='bbox 553 541 683 599; x_wconf 90' lang='lat' dir='ltr'>mollior.</span> <span class='ocrx_word' id='word_1_24' title='bbox 726 544 819 600; x_wconf 93' lang='lat' dir='ltr'>Hanc</span> <span class='ocrx_word' id='word_1_25' title='bbox 837 544 912 600; x_wconf 90' lang='lat' dir='ltr'>mihi</span> <span class='ocrx_word' id='word_1_26' title='bbox 932 550 1034 618; x_wconf 89' lang='lat' dir='ltr'>pastor</span> 
     </span>
    </p>

    <p class='ocr_par' dir='ltr' id='par_1_4' title="bbox 112 627 917 701">
     <span class='ocr_line' id='line_1_5' title="bbox 112 627 917 701; baseline 0.004 -18"><span class='ocrx_word' id='word_1_27' title='bbox 112 628 180 700; x_wconf 89' lang='lat' dir='ltr'>lpse</span> <span class='ocrx_word' id='word_1_28' title='bbox 197 628 269 685; x_wconf 94' lang='lat' dir='ltr'>olim</span> <span class='ocrx_word' id='word_1_29' title='bbox 286 627 379 695; x_wconf 85' lang='lat' dir='ltr'>dedit,</span> <span class='ocrx_word' id='word_1_30' title='bbox 397 627 475 684; x_wconf 89' lang='lat' dir='ltr'>hanc</span> <span class='ocrx_word' id='word_1_31' title='bbox 490 636 593 701; x_wconf 90' lang='lat' dir='ltr'>pastor</span> <span class='ocrx_word' id='word_1_32' title='bbox 610 627 782 697; x_wconf 77' lang='lat' dir='ltr'>MelisaeuS,</span> <span class='ocrx_word' id='word_1_33' title='bbox 800 627 917 689; x_wconf 85' lang='lat' dir='ltr'>ababa</span> 
     </span>
    </p>

    <p class='ocr_par' dir='ltr' id='par_1_5' title="bbox 111 711 874 785">
     <span class='ocr_line' id='line_1_6' title="bbox 111 711 874 785; baseline -0.003 -15"><span class='ocrx_word' id='word_1_34' title='bbox 111 711 188 770; x_wconf 89' lang='lat' dir='ltr'>Cum</span> <span class='ocrx_word' id='word_1_35' title='bbox 204 730 251 768; x_wconf 92' lang='lat' dir='ltr'>me</span> <span class='ocrx_word' id='word_1_36' title='bbox 268 711 348 769; x_wconf 88' lang='lat' dir='ltr'>forte</span> <span class='ocrx_word' id='word_1_37' title='bbox 364 730 454 768; x_wconf 80' lang='lat' dir='ltr'>senex</span> <span class='ocrx_word' id='word_1_38' title='bbox 470 711 602 770; x_wconf 81' lang='lat' dir='ltr'>audisset</span> <span class='ocrx_word' id='word_1_39' title='bbox 617 729 692 785; x_wconf 92' lang='lat' dir='ltr'>rupe</span> <span class='ocrx_word' id='word_1_40' title='bbox 708 721 874 782; x_wconf 84' lang='lat' dir='ltr'>canentem,</span> 
     </span>
    </p>

    <p class='ocr_par' dir='ltr' id='par_1_6' title="bbox 111 798 935 955">
     <span class='ocr_line' id='line_1_7' title="bbox 111 798 913 872; baseline 0.001 -18"><span class='ocrx_word' id='word_1_41' title='bbox 111 800 150 855; x_wconf 72' lang='lat' dir='ltr'>Et</span> <span class='ocrx_word' id='word_1_42' title='bbox 167 798 253 861; x_wconf 83' lang='lat' dir='ltr'>dixit,</span> <span class='ocrx_word' id='word_1_43' title='bbox 272 798 288 824; x_wconf 83' lang='lat'>‘⁴</span> <span class='ocrx_word' id='word_1_44' title='bbox 303 799 390 860; x_wconf 82' lang='lat' dir='ltr'>Puer.</span> <span class='ocrx_word' id='word_1_45' title='bbox 409 800 465 854; x_wconf 86' lang='lat' dir='ltr'>ista</span> <span class='ocrx_word' id='word_1_46' title='bbox 482 807 550 855; x_wconf 90' lang='lat' dir='ltr'>tuac</span> <span class='ocrx_word' id='word_1_47' title='bbox 567 799 627 854; x_wconf 91' lang='lat' dir='ltr'>sint</span> <span class='ocrx_word' id='word_1_48' title='bbox 644 799 779 872; x_wconf 87' lang='lat' dir='ltr'>praemia</span> <span class='ocrx_word' id='word_1_49' title='bbox 796 799 913 865; x_wconf 82' lang='lat' dir='ltr'>Musae,</span> 
     </span>
     <span class='ocr_line' id='line_1_8' title="bbox 111 881 935 955; baseline 0.004 -20"><span class='ocrx_word' id='word_1_50' title='bbox 111 881 365 955; x_wconf 79' lang='lat' dir='ltr'>Quandoquidem</span> <span class='ocrx_word' id='word_1_51' title='bbox 382 889 485 937; x_wconf 93' lang='lat' dir='ltr'>nostra</span> <span class='ocrx_word' id='word_1_52' title='bbox 501 881 634 936; x_wconf 80' lang='lat' dir='ltr'>cecinisti</span> <span class='ocrx_word' id='word_1_53' title='bbox 652 882 766 954; x_wconf 90' lang='lat' dir='ltr'>primus</span> <span class='ocrx_word' id='word_1_54' title='bbox 782 881 812 936; x_wconf 88' lang='lat' dir='ltr'>in</span> <span class='ocrx_word' id='word_1_55' title='bbox 829 889 896 937; x_wconf 92' lang='lat' dir='ltr'>acta</span> <span class='ocrx_word' id='word_1_56' title='bbox 909 881 935 938; x_wconf 86' lang='lat'>’&#39;.</span> 
     </span>
    </p>

    <p class='ocr_par' dir='ltr' id='par_1_7' title="bbox 112 964 896 1039">
     <span class='ocr_line' id='line_1_9' title="bbox 112 964 896 1039; baseline 0.003 -19"><span class='ocrx_word' id='word_1_57' title='bbox 112 965 160 1020; x_wconf 84' lang='lat' dir='ltr'>Ex</span> <span class='ocrx_word' id='word_1_58' title='bbox 177 964 231 1021; x_wconf 89' lang='lat' dir='ltr'>illo</span> <span class='ocrx_word' id='word_1_59' title='bbox 249 966 279 1020; x_wconf 89' lang='lat' dir='ltr'>in</span> <span class='ocrx_word' id='word_1_60' title='bbox 297 965 426 1021; x_wconf 85' lang='lat' dir='ltr'>calathis</span> <span class='ocrx_word' id='word_1_61' title='bbox 442 966 567 1029; x_wconf 82' lang='lat' dir='ltr'>servavi,</span> <span class='ocrx_word' id='word_1_62' title='bbox 586 973 618 1022; x_wconf 91' lang='lat' dir='ltr'>ut</span> <span class='ocrx_word' id='word_1_63' title='bbox 635 965 755 1021; x_wconf 89' lang='lat' dir='ltr'>mittere</span> <span class='ocrx_word' id='word_1_64' title='bbox 770 983 896 1039; x_wconf 91' lang='lat' dir='ltr'>possem.</span> 
     </span>
    </p>

    <p class='ocr_par' dir='ltr' id='par_1_8' title="bbox 110 1048 925 1124">
     <span class='ocr_line' id='line_1_10' title="bbox 110 1048 925 1124; baseline -0.001 -18"><span class='ocrx_word' id='word_1_65' title='bbox 110 1048 169 1106; x_wconf 89' lang='lat' dir='ltr'>Sed</span> <span class='ocrx_word' id='word_1_66' title='bbox 186 1057 218 1104; x_wconf 94' lang='lat' dir='ltr'>tu</span> <span class='ocrx_word' id='word_1_67' title='bbox 241 1048 293 1119; x_wconf 90' lang='lat' dir='ltr'>(ne</span> <span class='ocrx_word' id='word_1_68' title='bbox 308 1067 368 1124; x_wconf 92' lang='lat' dir='ltr'>qua</span> <span class='ocrx_word' id='word_1_69' title='bbox 382 1049 456 1105; x_wconf 92' lang='lat' dir='ltr'>mihi</span> <span class='ocrx_word' id='word_1_70' title='bbox 472 1058 591 1122; x_wconf 90' lang='lat' dir='ltr'>superet</span> <span class='ocrx_word' id='word_1_71' title='bbox 608 1066 683 1122; x_wconf 87' lang='lat' dir='ltr'>spes,</span> <span class='ocrx_word' id='word_1_72' title='bbox 699 1067 737 1106; x_wconf 89' lang='lat' dir='ltr'>ne</span> <span class='ocrx_word' id='word_1_73' title='bbox 752 1067 812 1124; x_wconf 93' lang='lat' dir='ltr'>qua</span> <span class='ocrx_word' id='word_1_74' title='bbox 826 1048 925 1106; x_wconf 86' lang='lat' dir='ltr'>futuri</span> 
     </span>
    </p>

    <p class='ocr_par' dir='ltr' id='par_1_9' title="bbox 111 1131 914 1207">
     <span class='ocr_line' id='line_1_11' title="bbox 111 1131 914 1207; baseline -0.001 -16"><span class='ocrx_word' id='word_1_75' title='bbox 111 1133 268 1197; x_wconf 85' lang='lat' dir='ltr'>Condicio,</span> <span class='ocrx_word' id='word_1_76' title='bbox 290 1132 433 1206; x_wconf 83' lang='lat' dir='ltr'>Galatea)</span> <span class='ocrx_word' id='word_1_77' title='bbox 458 1151 580 1190; x_wconf 89' lang='lat' dir='ltr'>manum</span> <span class='ocrx_word' id='word_1_78' title='bbox 599 1133 674 1189; x_wconf 91' lang='lat' dir='ltr'>mihi</span> <span class='ocrx_word' id='word_1_79' title='bbox 693 1131 770 1190; x_wconf 88' lang='lat' dir='ltr'>dura</span> <span class='ocrx_word' id='word_1_80' title='bbox 788 1135 914 1207; x_wconf 79' lang='lat' dir='ltr'>negasti.</span> 
     </span>
    </p>

    <p class='ocr_par' dir='ltr' id='par_1_10' title="bbox 110 1217 1000 1292">
     <span class='ocr_line' id='line_1_12' title="bbox 110 1217 1000 1292; baseline 0.001 -18"><span class='ocrx_word' id='word_1_81' title='bbox 110 1217 182 1274; x_wconf 89' lang='lat' dir='ltr'>Hoc</span> <span class='ocrx_word' id='word_1_82' title='bbox 196 1226 248 1285; x_wconf 90' lang='lat' dir='ltr'>est,</span> <span class='ocrx_word' id='word_1_83' title='bbox 263 1217 328 1286; x_wconf 91' lang='lat' dir='ltr'>hoc,</span> <span class='ocrx_word' id='word_1_84' title='bbox 345 1219 487 1274; x_wconf 91' lang='lat' dir='ltr'>miserum</span> <span class='ocrx_word' id='word_1_85' title='bbox 502 1217 583 1292; x_wconf 93' lang='lat' dir='ltr'>quod</span> <span class='ocrx_word' id='word_1_86' title='bbox 599 1217 740 1286; x_wconf 89' lang='lat' dir='ltr'>perdidit.</span> <span class='ocrx_word' id='word_1_87' title='bbox 778 1217 824 1274; x_wconf 89' lang='lat' dir='ltr'>lte</span> <span class='ocrx_word' id='word_1_88' title='bbox 840 1217 1000 1288; x_wconf 86' lang='lat' dir='ltr'>Camenae,</span> 
     </span>
    </p>

    <p class='ocr_par' dir='ltr' id='par_1_11' title="bbox 110 1300 1157 1460">
     <span class='ocr_line' id='line_1_13' title="bbox 111 1300 1157 1376; baseline 0.005 -19"><span class='ocrx_word' id='word_1_89' title='bbox 111 1303 156 1359; x_wconf 93' lang='lat' dir='ltr'>lte</span> <span class='ocrx_word' id='word_1_90' title='bbox 174 1301 282 1375; x_wconf 92' lang='lat' dir='ltr'>procul</span> <span class='ocrx_word' id='word_1_91' title='bbox 293 1320 300 1372; x_wconf 83' lang='lat'>3</span> <span class='ocrx_word' id='word_1_92' title='bbox 320 1302 432 1375; x_wconf 89' lang='lat' dir='ltr'>sprevit</span> <span class='ocrx_word' id='word_1_93' title='bbox 449 1310 567 1358; x_wconf 88' lang='lat' dir='ltr'>nostras</span> <span class='ocrx_word' id='word_1_94' title='bbox 587 1300 717 1359; x_wconf 84' lang='lat' dir='ltr'>Galatea</span> <span class='ocrx_word' id='word_1_95' title='bbox 733 1301 877 1376; x_wconf 79' lang='lat' dir='ltr'>querelas</span> <span class='ocrx_word' id='word_1_96' title='bbox 1116 1303 1157 1362; x_wconf 89' lang='grc'>50</span> 
     </span>
     <span class='ocr_line' id='line_1_14' title="bbox 110 1385 872 1460; baseline 0 -18"><span class='ocrx_word' id='word_1_97' title='bbox 110 1385 232 1443; x_wconf 85' lang='lat' dir='ltr'>Scilicet</span> <span class='ocrx_word' id='word_1_98' title='bbox 253 1385 395 1459; x_wconf 78' lang='lat' dir='ltr'>(exiguae</span> <span class='ocrx_word' id='word_1_99' title='bbox 409 1385 514 1443; x_wconf 89' lang='lat' dir='ltr'>videor</span> <span class='ocrx_word' id='word_1_100' title='bbox 527 1385 608 1460; x_wconf 94' lang='lat' dir='ltr'>quod</span> <span class='ocrx_word' id='word_1_101' title='bbox 622 1387 727 1443; x_wconf 88' lang='lat' dir='ltr'>navita</span> <span class='ocrx_word' id='word_1_102' title='bbox 740 1386 872 1460; x_wconf 86' lang='lat' dir='ltr'>cymbae,</span> 
     </span>
    </p>

    <p class='ocr_par' dir='ltr' id='par_1_12' title="bbox 110 1471 890 1545">
     <span class='ocr_line' id='line_1_15' title="bbox 110 1471 890 1545; baseline 0 -17"><span class='ocrx_word' id='word_1_103' title='bbox 110 1471 260 1545; x_wconf 83' lang='lat' dir='ltr'>Quodque</span> <span class='ocrx_word' id='word_1_104' title='bbox 277 1471 356 1527; x_wconf 89' lang='lat' dir='ltr'>leves</span> <span class='ocrx_word' id='word_1_105' title='bbox 373 1471 477 1527; x_wconf 91' lang='lat' dir='ltr'>hamos</span> <span class='ocrx_word' id='word_1_106' title='bbox 496 1471 669 1545; x_wconf 90' lang='lat' dir='ltr'>nodosaque</span> <span class='ocrx_word' id='word_1_107' title='bbox 687 1472 763 1528; x_wconf 88' lang='lat' dir='ltr'>retia</span> <span class='ocrx_word' id='word_1_108' title='bbox 778 1473 890 1541; x_wconf 82' lang='lat' dir='ltr'>tracto)</span> 
     </span>
    </p>

    <p class='ocr_par' dir='ltr' id='par_1_13' title="bbox 60 1555 1000 1629">
     <span class='ocr_line' id='line_1_16' title="bbox 60 1555 1000 1629; baseline 0.003 -19"><span class='ocrx_word' id='word_1_109' title='bbox 60 1576 64 1587; x_wconf 90' lang='lat'><em>·</em></span> <span class='ocrx_word' id='word_1_110' title='bbox 111 1555 258 1628; x_wconf 83' lang='lat' dir='ltr'>Despicis.</span> <span class='ocrx_word' id='word_1_111' title='bbox 296 1555 343 1611; x_wconf 85' lang='lat' dir='ltr'>An</span> <span class='ocrx_word' id='word_1_112' title='bbox 362 1556 462 1628; x_wconf 88' lang='lat' dir='ltr'>patrio</span> <span class='ocrx_word' id='word_1_113' title='bbox 476 1573 537 1610; x_wconf 91' lang='lat' dir='ltr'>non</span> <span class='ocrx_word' id='word_1_114' title='bbox 553 1555 610 1611; x_wconf 92' lang='lat' dir='ltr'>hoc</span> <span class='ocrx_word' id='word_1_115' title='bbox 626 1573 744 1629; x_wconf 90' lang='lat' dir='ltr'>quoque</span> <span class='ocrx_word' id='word_1_116' title='bbox 759 1555 848 1612; x_wconf 90' lang='lat' dir='ltr'>litore</span> <span class='ocrx_word' id='word_1_117' title='bbox 865 1555 1000 1614; x_wconf 88' lang='lat' dir='ltr'>Glaucus</span> 
     </span>
    </p>

    <p class='ocr_par' dir='ltr' id='par_1_14' title="bbox 112 1638 928 1713">
     <span class='ocr_line' id='line_1_17' title="bbox 112 1638 928 1713; baseline 0.001 -18"><span class='ocrx_word' id='word_1_118' title='bbox 112 1639 244 1709; x_wconf 88' lang='lat' dir='ltr'>Fecerat,</span> <span class='ocrx_word' id='word_1_119' title='bbox 266 1657 430 1713; x_wconf 91' lang='lat' dir='ltr'>aequoreae</span> <span class='ocrx_word' id='word_1_120' title='bbox 453 1638 587 1696; x_wconf 87' lang='lat' dir='ltr'>Glaucus</span> <span class='ocrx_word' id='word_1_121' title='bbox 608 1645 757 1697; x_wconf 88' lang='lat' dir='ltr'>scrutator</span> <span class='ocrx_word' id='word_1_122' title='bbox 777 1639 928 1696; x_wconf 90' lang='lat' dir='ltr'>harenae?</span> 
     </span>
    </p>

    <p class='ocr_par' dir='ltr' id='par_1_15' title="bbox 106 1723 954 1798">
     <span class='ocr_line' id='line_1_18' title="bbox 106 1723 954 1798; baseline 0.006 -22"><span class='ocrx_word' id='word_1_123' title='bbox 106 1724 151 1780; x_wconf 79' lang='lat' dir='ltr'>‚Et</span> <span class='ocrx_word' id='word_1_124' title='bbox 167 1742 247 1781; x_wconf 90' lang='lat' dir='ltr'>nunc</span> <span class='ocrx_word' id='word_1_125' title='bbox 264 1724 316 1780; x_wconf 88' lang='lat' dir='ltr'>ille</span> <span class='ocrx_word' id='word_1_126' title='bbox 333 1723 454 1798; x_wconf 87' lang='lat' dir='ltr'>quidem</span> <span class='ocrx_word' id='word_1_127' title='bbox 471 1723 656 1781; x_wconf 88' lang='lat' dir='ltr'>tumidarum</span> <span class='ocrx_word' id='word_1_128' title='bbox 672 1742 783 1780; x_wconf 92' lang='lat' dir='ltr'>numen</span> <span class='ocrx_word' id='word_1_129' title='bbox 799 1743 954 1798; x_wconf 91' lang='lat' dir='ltr'>aquarum.</span> 
     </span>
    </p>

    <p class='ocr_par' dir='ltr' id='par_1_16' title="bbox 110 1807 932 1882">
     <span class='ocr_line' id='line_1_19' title="bbox 110 1807 932 1882; baseline 0 -17"><span class='ocrx_word' id='word_1_130' title='bbox 110 1807 168 1865; x_wconf 85' lang='lat' dir='ltr'>Sed</span> <span class='ocrx_word' id='word_1_131' title='bbox 186 1826 240 1864; x_wconf 90' lang='lat' dir='ltr'>nec</span> <span class='ocrx_word' id='word_1_132' title='bbox 264 1808 355 1882; x_wconf 86' lang='lat' dir='ltr'>(quae</span> <span class='ocrx_word' id='word_1_133' title='bbox 372 1809 498 1864; x_wconf 90' lang='lat' dir='ltr'>nimium</span> <span class='ocrx_word' id='word_1_134' title='bbox 516 1808 563 1864; x_wconf 92' lang='lat' dir='ltr'>vel</span> <span class='ocrx_word' id='word_1_135' title='bbox 581 1826 628 1864; x_wconf 91' lang='lat' dir='ltr'>me</span> <span class='ocrx_word' id='word_1_136' title='bbox 646 1809 688 1864; x_wconf 89' lang='lat' dir='ltr'>sic</span> <span class='ocrx_word' id='word_1_137' title='bbox 706 1807 787 1865; x_wconf 84' lang='lat' dir='ltr'>falsa</span> <span class='ocrx_word' id='word_1_138' title='bbox 806 1808 932 1882; x_wconf 78' lang='lat' dir='ltr'>fatigat)</span> 
     </span>
    </p>

    <p class='ocr_par' dir='ltr' id='par_1_17' title="bbox 112 1892 824 1966">
     <span class='ocr_line' id='line_1_20' title="bbox 112 1892 824 1966; baseline 0.003 -19"><span class='ocrx_word' id='word_1_139' title='bbox 112 1893 230 1950; x_wconf 88' lang='lat' dir='ltr'>Fabula</span> <span class='ocrx_word' id='word_1_140' title='bbox 246 1901 275 1949; x_wconf 93' lang='lat' dir='ltr'>te</span> <span class='ocrx_word' id='word_1_141' title='bbox 291 1902 409 1948; x_wconf 87' lang='lat' dir='ltr'>moveat</span> <span class='ocrx_word' id='word_1_142' title='bbox 427 1892 538 1965; x_wconf 88' lang='lat' dir='ltr'>lydae,</span> <span class='ocrx_word' id='word_1_143' title='bbox 555 1892 626 1948; x_wconf 90' lang='lat' dir='ltr'>licet</span> <span class='ocrx_word' id='word_1_144' title='bbox 643 1892 698 1949; x_wconf 90' lang='lat' dir='ltr'>illa</span> <span class='ocrx_word' id='word_1_145' title='bbox 714 1892 824 1966; x_wconf 80' lang='lat' dir='ltr'>puellis</span> 
     </span>
    </p>

    <p class='ocr_par' dir='ltr' id='par_1_18' title="bbox 109 1976 839 2050">
     <span class='ocr_line' id='line_1_21' title="bbox 109 1976 839 2050; baseline 0 -17"><span class='ocrx_word' id='word_1_146' title='bbox 109 1976 209 2050; x_wconf 90' lang='lat' dir='ltr'>Jactet</span> <span class='ocrx_word' id='word_1_147' title='bbox 181 1978 326 2033; x_wconf 91' lang='lat' dir='ltr'>neescio</span> <span class='ocrx_word' id='word_1_148' title='bbox 340 1995 414 2050; x_wconf 71' lang='lat' dir='ltr'>(quas</span> <span class='ocrx_word' id='word_1_149' title='bbox 428 1977 501 2032; x_wconf 91' lang='lat' dir='ltr'>mihi</span> <span class='ocrx_word' id='word_1_150' title='bbox 518 1993 547 2033; x_wconf 91' lang='lat' dir='ltr'>se</span> <span class='ocrx_word' id='word_1_151' title='bbox 561 1977 677 2033; x_wconf 90' lang='lat' dir='ltr'>misisse</span> <span class='ocrx_word' id='word_1_152' title='bbox 692 1976 839 2048; x_wconf 89' lang='lat' dir='ltr'>corollas;</span> 
     </span>
    </p>

    <p class='ocr_par' dir='ltr' id='par_1_19' title="bbox 111 2060 1155 2303">
     <span class='ocr_line' id='line_1_22' title="bbox 111 2060 957 2135; baseline 0.002 -20"><span class='ocrx_word' id='word_1_153' title='bbox 111 2060 183 2118; x_wconf 95' lang='lat' dir='ltr'>Non</span> <span class='ocrx_word' id='word_1_154' title='bbox 199 2080 246 2118; x_wconf 92' lang='lat' dir='ltr'>mc</span> <span class='ocrx_word' id='word_1_155' title='bbox 264 2060 376 2135; x_wconf 88' lang='lat' dir='ltr'>lydat</span> <span class='ocrx_word' id='word_1_156' title='bbox 379 2078 474 2129; x_wconf 90' lang='lat' dir='ltr'>amen,</span> <span class='ocrx_word' id='word_1_157' title='bbox 492 2079 552 2116; x_wconf 91' lang='lat' dir='ltr'>non</span> <span class='ocrx_word' id='word_1_158' title='bbox 569 2061 699 2133; x_wconf 81' lang='lat' dir='ltr'>impuli</span> <span class='ocrx_word' id='word_1_159' title='bbox 718 2071 876 2134; x_wconf 87' lang='lat' dir='ltr'>aequorat</span> <span class='ocrx_word' id='word_1_160' title='bbox 866 2069 957 2117; x_wconf 89' lang='lat' dir='ltr'>testor</span> 
     </span>
     <span class='ocr_line' id='line_1_23' title="bbox 111 2144 1155 2221; baseline 0.006 -22"><span class='ocrx_word' id='word_1_161' title='bbox 111 2144 318 2221; x_wconf 90' lang='lat' dir='ltr'>Nereidasquc</span> <span class='ocrx_word' id='word_1_162' title='bbox 336 2163 445 2202; x_wconf 92' lang='lat' dir='ltr'>omnes.</span> <span class='ocrx_word' id='word_1_163' title='bbox 486 2145 518 2202; x_wconf 89' lang='lat' dir='ltr'>Si</span> <span class='ocrx_word' id='word_1_164' title='bbox 535 2144 623 2210; x_wconf 86' lang='lat' dir='ltr'>fallo,</span> <span class='ocrx_word' id='word_1_165' title='bbox 641 2144 811 2219; x_wconf 78' lang='lat' dir='ltr'>naufragus</span> <span class='ocrx_word' id='word_1_166' title='bbox 830 2145 898 2202; x_wconf 88' lang='lat' dir='ltr'>illas</span> <span class='ocrx_word' id='word_1_167' title='bbox 1113 2147 1155 2205; x_wconf 82' lang='lat'>60</span> 
     </span>
     <span class='ocr_line' id='line_1_24' title="bbox 111 2229 894 2303; baseline 0.003 -18"><span class='ocrx_word' id='word_1_168' title='bbox 111 2230 261 2303; x_wconf 82' lang='lat' dir='ltr'>Experiar</span> <span class='ocrx_word' id='word_1_169' title='bbox 279 2230 432 2301; x_wconf 91' lang='lat' dir='ltr'>salsosque</span> <span class='ocrx_word' id='word_1_170' title='bbox 448 2229 551 2286; x_wconf 82' lang='lat' dir='ltr'>bibam</span> <span class='ocrx_word' id='word_1_171' title='bbox 569 2230 624 2286; x_wconf 94' lang='lat' dir='ltr'>sub</span> <span class='ocrx_word' id='word_1_172' title='bbox 642 2231 744 2303; x_wconf 76' lang='lat' dir='ltr'>gurgit</span> <span class='ocrx_word' id='word_1_173' title='bbox 746 2250 762 2287; x_wconf 93' lang='lat' dir='ltr'>e</span> <span class='ocrx_word' id='word_1_174' title='bbox 733 2229 894 2288; x_wconf 89' lang='lat' dir='ltr'>tfluctus.</span> 
     </span>
    </p>

    <p class='ocr_par' dir='ltr' id='par_1_20' title="bbox 110 2314 1111 2554">
     <span class='ocr_line' id='line_1_25' title="bbox 111 2314 1096 2389; baseline 0.002 -19"><span class='ocrx_word' id='word_1_175' title='bbox 111 2315 181 2373; x_wconf 88' lang='lat' dir='ltr'>Heu</span> <span class='ocrx_word' id='word_1_176' title='bbox 198 2314 271 2389; x_wconf 91' lang='lat' dir='ltr'>quid</span> <span class='ocrx_word' id='word_1_177' title='bbox 289 2315 398 2387; x_wconf 78' lang='lat' dir='ltr'>agam?</span> <span class='ocrx_word' id='word_1_178' title='bbox 435 2315 584 2371; x_wconf 81' lang='lat' dir='ltr'>Externas</span> <span class='ocrx_word' id='word_1_179' title='bbox 601 2323 684 2370; x_wconf 89' lang='lat' dir='ltr'>trans</span> <span class='ocrx_word' id='word_1_180' title='bbox 700 2320 827 2388; x_wconf 91' lang='lat' dir='ltr'>pontum</span> <span class='ocrx_word' id='word_1_181' title='bbox 843 2333 985 2389; x_wconf 88' lang='lat' dir='ltr'>quaerere</span> <span class='ocrx_word' id='word_1_182' title='bbox 1001 2324 1096 2372; x_wconf 91' lang='lat' dir='ltr'>terras</span> 
     </span>
     <span class='ocr_line' id='line_1_26' title="bbox 110 2398 1111 2475; baseline 0.002 -20"><span class='ocrx_word' id='word_1_183' title='bbox 110 2399 178 2470; x_wconf 84' lang='lat' dir='ltr'>Jam</span> <span class='ocrx_word' id='word_1_184' title='bbox 199 2398 316 2472; x_wconf 87' lang='lat' dir='ltr'>pridem</span> <span class='ocrx_word' id='word_1_185' title='bbox 337 2408 380 2457; x_wconf 92' lang='lat' dir='ltr'>est</span> <span class='ocrx_word' id='word_1_186' title='bbox 400 2400 526 2463; x_wconf 88' lang='lat' dir='ltr'>animus,</span> <span class='ocrx_word' id='word_1_187' title='bbox 548 2417 607 2473; x_wconf 90' lang='lat' dir='ltr'>quo</span> <span class='ocrx_word' id='word_1_188' title='bbox 627 2417 793 2474; x_wconf 90' lang='lat' dir='ltr'>numquam</span> <span class='ocrx_word' id='word_1_189' title='bbox 813 2400 925 2467; x_wconf 88' lang='lat' dir='ltr'>navita,</span> <span class='ocrx_word' id='word_1_190' title='bbox 945 2417 1111 2475; x_wconf 87' lang='lat' dir='ltr'>numquam</span> 
     </span>
     <span class='ocr_line' id='line_1_27' title="bbox 111 2483 785 2554; baseline 0.001 -14"><span class='ocrx_word' id='word_1_191' title='bbox 111 2484 247 2540; x_wconf 91' lang='lat' dir='ltr'>Piscator</span> <span class='ocrx_word' id='word_1_192' title='bbox 263 2483 381 2554; x_wconf 89' lang='lat' dir='ltr'>veniat;</span> <span class='ocrx_word' id='word_1_193' title='bbox 401 2483 466 2540; x_wconf 86' lang='lat' dir='ltr'>fors</span> <span class='ocrx_word' id='word_1_194' title='bbox 482 2483 546 2539; x_wconf 88' lang='lat' dir='ltr'>illic</span> <span class='ocrx_word' id='word_1_195' title='bbox 563 2492 667 2540; x_wconf 89' lang='lat' dir='ltr'>nostra</span> <span class='ocrx_word' id='word_1_196' title='bbox 682 2483 785 2541; x_wconf 89' lang='lat' dir='ltr'>licebit</span> 
     </span>
    </p>

    <p class='ocr_par' dir='ltr' id='par_1_21' title="bbox 112 2567 901 2642">
     <span class='ocr_line' id='line_1_28' title="bbox 112 2567 901 2642; baseline 0.003 -20"><span class='ocrx_word' id='word_1_197' title='bbox 112 2568 189 2625; x_wconf 89' lang='lat' dir='ltr'>Fata</span> <span class='ocrx_word' id='word_1_198' title='bbox 204 2569 297 2642; x_wconf 90' lang='lat' dir='ltr'>queri.</span> <span class='ocrx_word' id='word_1_199' title='bbox 337 2567 451 2625; x_wconf 90' lang='lat' dir='ltr'>Boreae</span> <span class='ocrx_word' id='word_1_200' title='bbox 468 2576 599 2624; x_wconf 83' lang='lat' dir='ltr'>extremo</span> <span class='ocrx_word' id='word_1_201' title='bbox 616 2567 760 2624; x_wconf 89' lang='lat' dir='ltr'>damnata</span> <span class='ocrx_word' id='word_1_202' title='bbox 776 2568 830 2624; x_wconf 92' lang='lat' dir='ltr'>sub</span> <span class='ocrx_word' id='word_1_203' title='bbox 847 2586 901 2624; x_wconf 83' lang='lat' dir='ltr'>axe</span> 
     </span>
    </p>

    <p class='ocr_par' dir='ltr' id='par_1_22' title="bbox 110 2651 997 2726">
     <span class='ocr_line' id='line_1_29' title="bbox 110 2651 997 2726; baseline -0.001 -18"><span class='ocrx_word' id='word_1_204' title='bbox 110 2652 225 2725; x_wconf 66' lang='lat' dir='ltr'>Stagna</span> <span class='ocrx_word' id='word_1_205' title='bbox 242 2660 342 2725; x_wconf 91' lang='lat' dir='ltr'>petam</span> <span class='ocrx_word' id='word_1_206' title='bbox 359 2660 388 2709; x_wconf 87' lang='lat' dir='ltr'>et</span> <span class='ocrx_word' id='word_1_207' title='bbox 405 2651 511 2723; x_wconf 78' lang='lat' dir='ltr'>rigidis</span> <span class='ocrx_word' id='word_1_208' title='bbox 529 2670 693 2726; x_wconf 88' lang='lat' dir='ltr'>numquam</span> <span class='ocrx_word' id='word_1_209' title='bbox 709 2670 770 2709; x_wconf 92' lang='lat' dir='ltr'>non</span> <span class='ocrx_word' id='word_1_210' title='bbox 789 2670 863 2708; x_wconf 89' lang='lat' dir='ltr'>cana</span> <span class='ocrx_word' id='word_1_211' title='bbox 880 2653 997 2726; x_wconf 91' lang='lat' dir='ltr'>pruinis</span> 
     </span>
    </p>

    <p class='ocr_par' dir='ltr' id='par_1_23' title="bbox 110 2736 914 2811">
     <span class='ocr_line' id='line_1_30' title="bbox 110 2736 914 2811; baseline 0 -18"><span class='ocrx_word' id='word_1_212' title='bbox 110 2737 160 2793; x_wconf 85' lang='lat' dir='ltr'>An</span> <span class='ocrx_word' id='word_1_213' title='bbox 177 2736 290 2811; x_wconf 90' lang='lat' dir='ltr'>Libyae</span> <span class='ocrx_word' id='word_1_214' title='bbox 308 2736 430 2810; x_wconf 87' lang='lat' dir='ltr'>rapidas</span> <span class='ocrx_word' id='word_1_215' title='bbox 449 2736 612 2810; x_wconf 74' lang='lat' dir='ltr'>Austrique</span> <span class='ocrx_word' id='word_1_216' title='bbox 631 2737 760 2810; x_wconf 90' lang='lat' dir='ltr'>tepentis</span> <span class='ocrx_word' id='word_1_217' title='bbox 778 2737 914 2806; x_wconf 72' lang='lat' dir='ltr'>harenas</span> 
     </span>
    </p>

    <p class='ocr_par' dir='ltr' id='par_1_24' title="bbox 111 2820 990 2895">
     <span class='ocr_line' id='line_1_31' title="bbox 111 2820 990 2895; baseline 0.001 -18"><span class='ocrx_word' id='word_1_218' title='bbox 111 2821 152 2878; x_wconf 87' lang='lat' dir='ltr'>Et</span> <span class='ocrx_word' id='word_1_219' title='bbox 172 2820 291 2878; x_wconf 88' lang='lat' dir='ltr'>videam</span> <span class='ocrx_word' id='word_1_220' title='bbox 310 2821 413 2893; x_wconf 75' lang='lat' dir='ltr'>nigros</span> <span class='ocrx_word' id='word_1_221' title='bbox 434 2821 564 2894; x_wconf 90' lang='lat' dir='ltr'>populos</span> <span class='ocrx_word' id='word_1_222' title='bbox 585 2820 745 2895; x_wconf 90' lang='lat' dir='ltr'>Solemque</span> <span class='ocrx_word' id='word_1_223' title='bbox 764 2822 990 2895; x_wconf 84' lang='lat' dir='ltr'>propinquum?</span> 
     </span>
    </p>

    <p class='ocr_par' dir='ltr' id='par_1_25' title="bbox 111 2904 975 2979">
     <span class='ocr_line' id='line_1_32' title="bbox 111 2904 975 2979; baseline 0 -17"><span class='ocrx_word' id='word_1_224' title='bbox 111 2904 193 2977; x_wconf 85' lang='lat' dir='ltr'>Quid</span> <span class='ocrx_word' id='word_1_225' title='bbox 211 2904 319 2979; x_wconf 91' lang='lat' dir='ltr'>loquor</span> <span class='ocrx_word' id='word_1_226' title='bbox 337 2904 468 2961; x_wconf 84' lang='lat' dir='ltr'>infelix?</span> <span class='ocrx_word' id='word_1_227' title='bbox 512 2923 550 2962; x_wconf 90' lang='lat' dir='ltr'>an</span> <span class='ocrx_word' id='word_1_228' title='bbox 567 2924 627 2961; x_wconf 92' lang='lat' dir='ltr'>non</span> <span class='ocrx_word' id='word_1_229' title='bbox 644 2924 697 2979; x_wconf 89' lang='lat' dir='ltr'>per</span> <span class='ocrx_word' id='word_1_230' title='bbox 714 2923 794 2975; x_wconf 87' lang='lat' dir='ltr'>saxa,</span> <span class='ocrx_word' id='word_1_231' title='bbox 812 2923 865 2979; x_wconf 92' lang='lat' dir='ltr'>per</span> <span class='ocrx_word' id='word_1_232' title='bbox 882 2905 975 2979; x_wconf 75' lang='lat' dir='ltr'>ignes</span> 
     </span>
    </p>

    <p class='ocr_par' dir='ltr' id='par_1_26' title="bbox 110 2989 1153 3147">
     <span class='ocr_line' id='line_1_33' title="bbox 111 2989 1153 3065; baseline 0 -17"><span class='ocrx_word' id='word_1_233' title='bbox 111 2990 179 3058; x_wconf 87' lang='lat' dir='ltr'>Quo</span> <span class='ocrx_word' id='word_1_234' title='bbox 198 3008 245 3047; x_wconf 92' lang='lat' dir='ltr'>me</span> <span class='ocrx_word' id='word_1_235' title='bbox 265 3008 391 3060; x_wconf 90' lang='lat' dir='ltr'>cumque</span> <span class='ocrx_word' id='word_1_236' title='bbox 410 2989 501 3062; x_wconf 90' lang='lat' dir='ltr'>pedes</span> <span class='ocrx_word' id='word_1_237' title='bbox 520 2989 638 3053; x_wconf 87' lang='lat' dir='ltr'>ducent,</span> <span class='ocrx_word' id='word_1_238' title='bbox 659 3007 743 3046; x_wconf 91' lang='lat' dir='ltr'>mens</span> <span class='ocrx_word' id='word_1_239' title='bbox 763 3008 854 3061; x_wconf 73' lang='lat' dir='ltr'>aegra</span> <span class='ocrx_word' id='word_1_240' title='bbox 872 2990 1032 3065; x_wconf 83' lang='lat' dir='ltr'>sequetur?</span> <span class='ocrx_word' id='word_1_241' title='bbox 1115 2990 1153 3048; x_wconf 86' lang='lat'>70</span> 
     </span>
     <span class='ocr_line' id='line_1_34' title="bbox 110 3075 821 3147; baseline -0.003 -17"><span class='ocrx_word' id='word_1_242' title='bbox 110 3075 255 3131; x_wconf 90' lang='lat' dir='ltr'>Vitantur</span> <span class='ocrx_word' id='word_1_243' title='bbox 271 3075 361 3139; x_wconf 91' lang='lat' dir='ltr'>venti,</span> <span class='ocrx_word' id='word_1_244' title='bbox 381 3075 501 3147; x_wconf 89' lang='lat' dir='ltr'>pluviae</span> <span class='ocrx_word' id='word_1_245' title='bbox 519 3075 653 3132; x_wconf 87' lang='lat' dir='ltr'>vitantur</span> <span class='ocrx_word' id='word_1_246' title='bbox 669 3084 698 3131; x_wconf 92' lang='lat' dir='ltr'>et</span> <span class='ocrx_word' id='word_1_247' title='bbox 715 3083 821 3143; x_wconf 89' lang='lat' dir='ltr'>aestus,</span> 
     </span>
    </p>

    <p class='ocr_par' dir='ltr' id='par_1_27' title="bbox 111 3157 896 3227">
     <span class='ocr_line' id='line_1_35' title="bbox 111 3157 896 3227; baseline 0.004 -14"><span class='ocrx_word' id='word_1_248' title='bbox 111 3157 183 3214; x_wconf 92' lang='lat' dir='ltr'>Non</span> <span class='ocrx_word' id='word_1_249' title='bbox 201 3159 314 3215; x_wconf 88' lang='lat' dir='ltr'>vitatur</span> <span class='ocrx_word' id='word_1_250' title='bbox 331 3177 433 3222; x_wconf 80' lang='lat' dir='ltr'>amor:</span> <span class='ocrx_word' id='word_1_251' title='bbox 452 3176 568 3215; x_wconf 90' lang='lat' dir='ltr'>mecum</span> <span class='ocrx_word' id='word_1_252' title='bbox 587 3159 752 3216; x_wconf 90' lang='lat' dir='ltr'>tumuletur</span> <span class='ocrx_word' id='word_1_253' title='bbox 769 3167 896 3227; x_wconf 89' lang='lat' dir='ltr'>oportet.</span> 
     </span>
    </p>

    <p class='ocr_par' dir='ltr' id='par_1_28' title="bbox 110 3242 829 3312">
     <span class='ocr_line' id='line_1_36' title="bbox 110 3242 829 3312; baseline -0.003 -12.992"><span class='ocrx_word' id='word_1_254' title='bbox 110 3243 179 3312; x_wconf 84' lang='lat' dir='ltr'>lam</span> <span class='ocrx_word' id='word_1_255' title='bbox 196 3261 267 3299; x_wconf 89' lang='lat' dir='ltr'>saxo</span> <span class='ocrx_word' id='word_1_256' title='bbox 282 3261 377 3299; x_wconf 89' lang='lat' dir='ltr'>meme</span> <span class='ocrx_word' id='word_1_257' title='bbox 393 3261 429 3299; x_wconf 82' lang='lat' dir='ltr'>ex</span> <span class='ocrx_word' id='word_1_258' title='bbox 445 3243 499 3300; x_wconf 90' lang='lat' dir='ltr'>illo</span> <span class='ocrx_word' id='word_1_259' title='bbox 514 3243 621 3299; x_wconf 92' lang='lat' dir='ltr'>demitt</span> <span class='ocrx_word' id='word_1_260' title='bbox 596 3251 670 3300; x_wconf 90' lang='lat' dir='ltr'>tterc</span> <span class='ocrx_word' id='word_1_261' title='bbox 687 3244 716 3299; x_wconf 92' lang='lat' dir='ltr'>in</span> <span class='ocrx_word' id='word_1_262' title='bbox 732 3242 829 3300; x_wconf 92' lang='lat' dir='ltr'>undas</span> 
     </span>
    </p>

    <p class='ocr_par' dir='ltr' id='par_1_29' title="bbox 110 3318 1114 3486">
     <span class='ocr_line' id='line_1_37' title="bbox 112 3318 1114 3412; baseline 0.002 -30"><span class='ocrx_word' id='word_1_263' title='bbox 112 3327 311 3400; x_wconf 88' lang='lat' dir='ltr'>Praecipitem</span> <span class='ocrx_word' id='word_1_264' title='bbox 330 3326 442 3399; x_wconf 86' lang='lat' dir='ltr'>jubet</span> <span class='ocrx_word' id='word_1_265' title='bbox 434 3345 497 3399; x_wconf 80' lang='lat' dir='ltr'>ipse</span> <span class='ocrx_word' id='word_1_266' title='bbox 515 3327 610 3384; x_wconf 87' lang='lat' dir='ltr'>furor</span> <span class='ocrx_word' id='word_1_267' title='bbox 650 3328 713 3383; x_wconf 88' lang='lat' dir='ltr'>Vos</span> <span class='ocrx_word' id='word_1_268' title='bbox 731 3347 750 3383; x_wconf 97' lang='lat' dir='ltr'>o</span> <span class='ocrx_word' id='word_1_269' title='bbox 764 3328 838 3383; x_wconf 88' lang='lat' dir='ltr'>mihi</span> <span class='ocrx_word' id='word_1_270' title='bbox 850 3326 1030 3412; x_wconf 89' lang='lat' dir='ltr'>Nymphae,</span> <span class='ocrx_word' id='word_1_271' title='bbox 1110 3318 1114 3326; x_wconf 80' lang='grc'>’</span> 
     </span>
     <span class='ocr_line' id='line_1_38' title="bbox 110 3374 949 3498; baseline 0 -32"><span class='ocrx_word' id='word_1_272' title='bbox 110 3412 173 3469; x_wconf 86' lang='lat' dir='ltr'>Vos</span> <span class='ocrx_word' id='word_1_273' title='bbox 192 3413 284 3468; x_wconf 90' lang='lat' dir='ltr'>maris</span> <span class='ocrx_word' id='word_1_274' title='bbox 303 3411 444 3468; x_wconf 89' lang='lat' dir='ltr'>undisoni</span> <span class='ocrx_word' id='word_1_275' title='bbox 452 3410 638 3498; x_wconf 90' lang='lat' dir='ltr'>Nymphae,</span> <span class='ocrx_word' id='word_1_276' title='bbox 660 3421 780 3485; x_wconf 90' lang='lat' dir='ltr'>praesta</span> <span class='ocrx_word' id='word_1_277' title='bbox 762 3418 809 3469; x_wconf 90' lang='lat' dir='ltr'>e</span> <span class='ocrx_word' id='word_1_278' title='bbox 781 3374 949 3469; x_wconf 83' lang='lat' dir='ltr'>eaden</span> 
     </span>
    </p>

    <p class='ocr_par' dir='ltr' id='par_1_30' title="bbox 112 3495 952 3592">
     <span class='ocr_line' id='line_1_39' title="bbox 112 3495 952 3592; baseline -0.001 -41"><span class='ocrx_word' id='word_1_279' title='bbox 112 3495 184 3553; x_wconf 93' lang='lat' dir='ltr'>Non</span> <span class='ocrx_word' id='word_1_280' title='bbox 202 3495 294 3553; x_wconf 89' lang='lat' dir='ltr'>duros</span> <span class='ocrx_word' id='word_1_281' title='bbox 313 3496 411 3553; x_wconf 92' lang='lat' dir='ltr'>obitus</span> <span class='ocrx_word' id='word_1_282' title='bbox 430 3514 591 3592; x_wconf 79' lang='lat' dir='ltr'>saevasque</span> <span class='ocrx_word' id='word_1_283' title='bbox 609 3514 660 3552; x_wconf 83' lang='lat' dir='ltr'>exs</span> <span class='ocrx_word' id='word_1_284' title='bbox 662 3496 792 3567; x_wconf 78' lang='lat' dir='ltr'>tinguite</span> <span class='ocrx_word' id='word_1_285' title='bbox 809 3495 952 3552; x_wconf 88' lang='lat' dir='ltr'>flammas</span> 
     </span>
    </p>

    <p class='ocr_par' dir='ltr' id='par_1_31' title="bbox 111 3580 844 3645">
     <span class='ocr_line' id='line_1_40' title="bbox 111 3580 844 3645; baseline 0 -7"><span class='ocrx_word' id='word_1_286' title='bbox 111 3580 232 3638; x_wconf 89' lang='lat' dir='ltr'>Scilicet</span> <span class='ocrx_word' id='word_1_287' title='bbox 250 3580 323 3636; x_wconf 89' lang='lat' dir='ltr'>haec</span> <span class='ocrx_word' id='word_1_288' title='bbox 340 3581 422 3645; x_wconf 88' lang='lat' dir='ltr'>olim,</span> <span class='ocrx_word' id='word_1_289' title='bbox 440 3581 562 3638; x_wconf 89' lang='lat' dir='ltr'>veniens</span> <span class='ocrx_word' id='word_1_290' title='bbox 580 3598 629 3637; x_wconf 91' lang='lat' dir='ltr'>seu</span> <span class='ocrx_word' id='word_1_291' title='bbox 647 3580 736 3637; x_wconf 89' lang='lat' dir='ltr'>litore</span> <span class='ocrx_word' id='word_1_292' title='bbox 752 3598 844 3638; x_wconf 92' lang='lat' dir='ltr'>curvo</span> 
     </span>
    </p>
   </div>
   <div class='ocr_carea' id='block_1_3' title="bbox 111 3667 770 3750">
    <p class='ocr_par' dir='ltr' id='par_1_32' title="bbox 111 3667 770 3750">
     <span class='ocr_line' id='line_1_41' title="bbox 111 3667 770 3750; baseline -0.005 -25"><span class='ocrx_word' id='word_1_293' title='bbox 111 3667 245 3750; x_wconf 82' lang='lat' dir='ltr'>Cajetae,</span> <span class='ocrx_word' id='word_1_294' title='bbox 264 3687 315 3727; x_wconf 90' lang='lat' dir='ltr'>scu</span> <span class='ocrx_word' id='word_1_295' title='bbox 333 3667 497 3726; x_wconf 90' lang='lat' dir='ltr'>Cumarum</span> <span class='ocrx_word' id='word_1_296' title='bbox 514 3667 674 3730; x_wconf 85' lang='lat' dir='ltr'>navalibus</span> <span class='ocrx_word' id='word_1_297' title='bbox 691 3667 770 3736; x_wconf 89' lang='lat' dir='ltr'>altis,</span> 
     </span>
    </p>
   </div>
   <div class='ocr_carea' id='block_1_4' title="bbox 0 0 1277 4102">
    <p class='ocr_par' dir='ltr' id='par_1_33' title="bbox 0 0 1277 4102">
     <span class='ocr_line' id='line_1_42' title="bbox 0 0 1277 4102; baseline 0 0"><span class='ocrx_word' id='word_1_298' title='bbox 0 0 1277 4102; x_wconf 95' lang='lat' dir='ltr'> </span> 
     </span>
    </p>
   </div>
  </div>
 </body>
</html>
