2574 4094
456 179 603 230 ECLOGA
623 179 679 236 III,
697 179 845 229 MOPSUS

133 347 312 405 Bellovacos
332 347 528 422 Morinosque
548 356 576 403 et
601 346 691 421 (quos
710 348 777 421 quis
796 347 894 403 dicere
914 345 1043 420 possit?)

131 431 310 504 Tarbellos3
330 431 399 489 latis
415 449 514 488 errare
530 441 558 488 et
574 430 700 488 fiumina
715 432 838 504 campis,

133 515 246 573 Nescio
260 533 350 590 quem
367 515 500 590 Ligerim
517 516 602 572 tectis
619 533 649 571 se
664 517 784 571 innasse
800 516 918 572 carinis.

132 599 191 657 Sed
208 618 275 656 mea
291 616 371 656 nune
389 599 465 656 aliae
483 608 610 674 poscunt
628 600 684 656 sibi
700 609 824 673 pectora
840 616 937 656 curae.

132 685 182 740 Tu
197 683 297 754 modo,
316 684 430 759 siquid
448 683 539 741 habes
563 682 608 756 (et
625 690 653 739 te
672 700 789 757 quoque
810 683 964 740 Chloridis
983 683 1073 740 ardor

134 768 312 841 Excruciat)
337 768 461 841 scopulo
481 768 537 824 hoc
555 785 672 824 mecum
690 768 835 824 meditare
854 769 993 823 vicissim.

132 852 245 909 Audiet
262 861 291 908 et
310 852 453 926 gracilem
470 859 625 925 percurret
645 853 771 925 Mopsus
790 851 934 908 avenam'.
1132 853 1172 906 40

174 935 223 993 Sic
240 936 287 991 illi
296 955 304 1008 3
324 946 368 993 ast
385 954 442 1011 ego
457 936 501 991 nil
518 944 631 1006 contra,
647 935 700 992 sed
717 954 792 1010 quae
808 936 883 992 mihi
899 936 977 992 collo

134 1020 267 1077 Garrula
281 1020 431 1094 pendebat
445 1021 585 1076 manibus
599 1029 671 1076 tunc
687 1029 807 1092 sumpta
822 1020 920 1076 cicuta
934 1031 985 1075 est.

132 1104 254 1162 Scilicet
273 1104 404 1162 alternos
423 1105 553 1161 conabar
571 1103 719 1165 arundine
737 1120 839 1160 versus

135 1189 290 1262 Excipere,
311 1189 435 1244 alternis
452 1206 522 1245 nam
541 1188 639 1244 dicere
656 1197 781 1262 uterque
800 1188 935 1261 parabat.

134 1272 163 1327 N
168 1291 199 1328 ec
214 1290 300 1330 mora
309 1291 317 1345 3
334 1274 356 1347 j:
367 1292 399 1329 m
416 1273 555 1330 Chromis
570 1273 632 1343 hos
650 1273 704 1329 hos
719 1282 747 1329 et
763 1271 913 1328 referebat
931 1272 1020 1328 lolas.

578 1389 603 1447 C
606 1388 726 1445 Ieremia.

175 1506 330 1576 Nereides
348 1506 449 1580 pelagi
465 1524 582 1562 sacrum
599 1523 701 1581 genus
718 1515 770 1563 aut
785 1506 860 1561 mihi
874 1506 980 1562 vestris

135 1591 265 1649 Munera
281 1590 359 1647 ferte
375 1591 461 1648 vadis
478 1591 585 1648 duram
603 1591 685 1664 queis
704 1589 853 1648 Chlorida
870 1588 996 1662 placem,

134 1675 205 1745 Aut,
225 1676 249 1731 si
267 1675 440 1732 muneribus
459 1673 538 1730 flecti
556 1675 668 1748 nequit,
687 1692 814 1748 aequore
834 1683 897 1730 toto

134 1759 277 1830 Quaerite
295 1777 371 1834 quae
388 1767 525 1816 nostrum
543 1769 626 1815 sanet
644 1758 795 1815 medicina
814 1757 956 1814 furorem.

605 1866 705 1949 Iolao,

174 2007 302 2079 SireneS,
320 2026 386 2065 mea
404 2026 484 2079 cura,
503 2008 605 2065 audite
622 2008 695 2064 haec
713 2008 821 2065 ultima
838 2017 917 2064 vota.

133 2092 196 2149 Aut
212 2100 330 2148 revocet
345 2092 410 2165 jam
428 2091 506 2148 Nisa
523 2110 609 2148 suum
623 2109 679 2148 nec
695 2100 816 2165 spernat
835 2091 942 2160 lolam,

133 2177 196 2233 Aut
213 2177 314 2234 videat
331 2179 526 2249 morientem,
546 2177 619 2233 haec
637 2194 710 2232 saxa
727 2176 858 2250 impulsa
873 2177 997 2232 marinis

136 2261 301 2331 Fluctibus,
318 2261 391 2318 haec
406 2262 514 2318 misero
530 2261 599 2319 vilis
614 2260 699 2317 dabit
714 2259 784 2334 alga
800 2259 979 2333 sepulerum.

116 2344 139 2401 ’τ
579 2394 727 2453 Chromis.

176 2496 284 2568 Qualis
300 2497 466 2572 tranquillo
484 2514 559 2571 quae
576 2495 688 2553 labitur
705 2513 832 2570 aequore
849 2496 964 2569 cymba,

135 2580 212 2638 Cum
232 2581 376 2654 Zephyris
396 2599 528 2638 summae
548 2581 719 2653 crispantur
739 2581 845 2636 leniter
859 2579 972 2649 undae,

134 2666 218 2721 Tuta
232 2665 315 2722 volat
332 2664 470 2739 luditque
487 2663 593 2720 hilaris
607 2682 661 2739 per
678 2673 809 2721 transtra
825 2665 977 2738 juventus

134 2749 221 2805 Talis
237 2751 301 2806 vita
316 2750 400 2820 mihi,
417 2768 483 2806 mea
500 2748 572 2806 dum
588 2767 635 2805 me
653 2749 775 2807 Chloris
792 2748 921 2805 amabat.

605 2882 699 2940 Inlue.

176 2984 296 3057 Aspicis
314 2985 408 3041 iratae
427 2982 541 3040 feriant
559 2992 592 3040 ut
611 3001 684 3040 saxa
701 2981 861 3056 procellae,

136 3069 180 3124 Ut
198 3068 309 3125 validis
328 3069 404 3124 imae
424 3068 512 3126 Coris
531 3068 688 3124 turbentur
707 3067 857 3122 harenae?

134 3154 204 3226 Jam
223 3152 356 3226 scopulis
374 3150 451 3208 furit
469 3151 559 3221 unda,
581 3152 681 3207 tremit
699 3152 764 3225 jam
783 3160 864 3208 terra
881 3151 1013 3208 tumultu
1024 3169 1031 3223 3

138 3237 250 3306 Fallor,
269 3254 307 3292 an
326 3236 398 3292 haec
416 3237 482 3309 ipsa
497 3244 540 3292 est
560 3236 654 3292 Nisae
672 3235 860 3309 indignantis
878 3236 999 3309 imago?

580 3367 728 3426 Chromis¹

177 3471 204 3529 Ο
224 3472 343 3540 Proteu,
360 3479 462 3544 pastor
479 3468 588 3543 liquidi
603 3469 703 3538 maris,
720 3487 736 3525 o
754 3477 848 3542 pater,
866 3487 882 3525 o
899 3486 959 3538 rex,

142 3554 414 3630 (Quandoquidem
430 3555 551 3610 insanos
567 3552 681 3623 odistis,
698 3554 832 3622 numina,
849 3552 962 3626 fastus)

136 3640 255 3712 Quaere
272 3639 446 3695 Pithecusas
462 3647 503 3706 tu,
519 3639 567 3694 cui
583 3637 662 3705 licet,
679 3646 768 3711 atque
783 3636 928 3710 superbae

134 3725 195 3793 Dic
210 3724 333 3811 Hyaae
348 3723 462 3791 salsum
480 3731 508 3789 te.
525 3740 649 3808 passere
664 3728 875 3810 monstrans
893 3739 1023 3808 aequos,
