2542 4102
427 211 571 261 ECLOGA
593 209 642 269 IV,
659 211 833 262 PROTEUS
1111 212 1148 269 69

110 383 273 439 Aenariam
293 383 520 457 Prochytenque
540 383 610 439 altis
629 383 785 437 immiserit
805 381 892 438 astris

109 467 155 524 Ac
172 477 269 524 totum
287 467 384 524 subito
402 467 518 523 caelum
536 466 738 523 tremefecerit
754 467 817 522 ictu
827 484 835 538 3

110 553 191 607 Tum
208 552 295 607 Pater
311 551 393 607 haud
409 552 493 626 segni
507 551 631 607 molitus
647 550 780 607 fulmina
794 549 902 606 dextra

112 636 261 691 lmmanes
276 636 353 691 acies
368 635 513 710 dejecerit
528 645 617 709 atque
632 643 789 708 tropaeum

109 719 237 792 Jusserit
255 719 393 775 ardentes
410 720 513 776 testari
531 719 676 792 sulphure
695 718 798 792 BajaS,

111 803 200 875 Quod
222 821 295 878 gens
315 805 396 860 victa
416 803 477 860 illis
498 803 620 859 lavisset
639 803 767 859 vulnera
786 802 926 876 lymphis.
1110 802 1150 857 40

152 887 235 943 Hinc
253 889 357 962 magni
375 887 503 944 Alcidae
520 897 622 944 tauros
640 896 827 961 stratumque
845 885 1035 960 profundum

109 971 281 1045 Aggeribus
296 981 442 1028 memorat
459 971 641 1045 ductamque
656 988 709 1045 per
726 970 842 1044 oppida
858 987 1010 1044 pompam.

151 1056 211 1112 His
226 1065 339 1111 veteres
354 1055 441 1111 addit
456 1055 577 1126 CumaS,
593 1055 661 1112 loca
675 1056 798 1128 cognita
814 1055 944 1125 Phoebo,

110 1140 196 1196 Vatis
214 1150 242 1196 et
261 1139 428 1197 horrendae
445 1140 529 1196 lucos
546 1140 728 1214 Triviaeque
746 1156 877 1195 recessus

111 1224 365 1298 Cimmeriumque
380 1223 484 1280 domos
501 1232 529 1280 et
545 1241 641 1297 opaca
654 1225 686 1278 in
701 1223 834 1282 vallibus
848 1232 944 1279 antra.

151 1309 178 1363 'f
182 1327 196 1363 e
213 1326 332 1382 quoque
350 1307 501 1365 formosae
518 1317 641 1380 captum
659 1308 688 1363 N
693 1307 790 1363 esidos
806 1323 916 1378 amore,

112 1392 281 1465 Pausilype,
304 1393 379 1448 irato
401 1391 564 1465 compellat
585 1392 622 1447 ab
642 1409 770 1466 aequore
791 1401 905 1465 questu

110 1476 159 1530 Ah
176 1478 274 1546 miser,
293 1477 331 1531 ah
348 1477 427 1532 male
444 1485 539 1546 caute,
558 1485 626 1532 tuae
644 1475 717 1550 quid
736 1475 804 1532 fata
819 1474 939 1549 puellae

111 1560 290 1615 Acceleras?
330 1560 424 1634 Cupit
442 1561 473 1615 in
490 1559 605 1617 medios
622 1559 749 1616 evadere
766 1559 874 1616 fluctus

112 1642 236 1714 Infelix,
256 1645 340 1717 cupit
358 1645 508 1700 insuetum
525 1643 613 1700 finire
631 1644 776 1701 dolorem.
1113 1642 1151 1698 50

110 1728 151 1784 At
167 1729 222 1784 tibi
238 1746 292 1784 nec
308 1746 398 1784 curae
412 1738 455 1784 est
471 1728 553 1803 quod
568 1747 633 1784 eam
651 1727 810 1802 Neptunia
823 1733 959 1785 monstra

111 1813 323 1882 Circumstent,
340 1830 421 1868 mare
437 1830 492 1868 nec
508 1812 616 1886 rapido
631 1812 713 1888 quod
729 1812 847 1870 sorbeat
863 1821 955 1869 aestu.

109 1897 159 1952 Ah
174 1898 273 1968 miser,
290 1897 329 1953 ah
344 1896 423 1953 male
441 1906 535 1967 caute,
552 1896 635 1953 ultra
650 1896 724 1971 quid
740 1897 883 1953 bracchia
898 1895 1016 1952 tendis?

111 1981 187 2037 Siste
205 1980 351 2055 gradum,
370 1982 447 2055 riget
464 1980 519 2037 illa
535 1981 619 2055 jugis
635 1989 754 2038 assueta
768 1981 880 2037 nivosis

110 2065 266 2136 Venatrix,
287 2083 378 2140 quam
393 2065 479 2122 mille
497 2065 580 2122 ferae
599 2067 726 2122 timuere
743 2073 916 2139 sequentem

111 2149 168 2204 Per
186 2149 288 2205 saltus.
329 2150 391 2206 Vos
408 2150 495 2220 hanc,
516 2150 647 2223 Panope,
665 2167 727 2220 v05,
746 2148 878 2205 candida
896 2149 1013 2224 Drymo

111 2232 336 2308 Cymothoeque
356 2233 502 2308 Rhoeque
521 2233 713 2307 Pherusaque
734 2232 970 2307 Dinameneque,

110 2317 248 2391 Accipite
266 2326 295 2374 et
312 2319 420 2374 vestris
436 2318 547 2374 sociam
565 2316 691 2374 lustrate
709 2317 834 2374 choreis

151 2403 178 2457 T
181 2419 232 2457 um
249 2402 331 2458 canit
347 2402 486 2476 antiquas
503 2400 587 2459 sedes
603 2400 807 2476 opulentaque
824 2418 919 2476 regna

110 2485 291 2542 Auricomae
309 2485 422 2543 Sirenis
440 2494 469 2542 et
487 2484 583 2543 altum
601 2487 633 2541 in
650 2495 752 2543 monte
770 2484 952 2560 sepulcrum,
1111 2485 1151 2542 60

110 2569 261 2644 Sacraque
280 2568 532 2644 Chalcidicosque
549 2568 621 2626 deos
638 2570 815 2644 magnisque
832 2586 886 2643 per
904 2586 1015 2643 aequor
1206 2570 1212 2582 '

109 2653 262 2727 Auspiciis
279 2655 379 2711 vecta's
396 2654 471 2710 haec
488 2655 555 2728 ipsa
571 2653 610 2711 ad
627 2655 718 2712 litora
735 2655 853 2711 classes

151 2740 233 2795 'l‘um
251 2738 383 2813 liquidos
401 2738 503 2795 fontes
520 2739 621 2796 subter
640 2756 716 2796 cava
731 2739 852 2796 moenia
869 2737 953 2795 ducit

109 2823 293 2896 Attollitque
310 2840 393 2880 arces
409 2831 438 2879 et
454 2822 587 2879 culmina
601 2823 755 2880 montibus
771 2831 880 2897 aequat

110 2908 138 2961 T
141 2916 401 2978 ectorum,.vastas
416 2906 571 2981 protendit
588 2907 620 2962 in
636 2924 768 2982 aequora
783 2907 878 2964 moles

112 2991 339 3065 Euploeamque
357 2991 464 3066 procul
483 2991 608 3066 trepidis
626 2991 679 3048 dat
696 3009 816 3048 cernere
832 2991 933 3048 nautis

110 3076 210 3150 Atque
228 3076 368 3148 Pharon,
386 3075 492 3150 jungit
507 3075 647 3149 scopulos
664 3084 888 3150 praeruptaque
904 3093 977 3132 saxa

110 3160 278 3216 Teleboum
295 3159 444 3234 Sarnique
459 3177 561 3216 amnes
578 3169 607 3216 et
623 3159 751 3233 pinguia
767 3159 858 3216 culta.

152 3245 233 3301 Tum
247 3245 328 3300 canit
342 3254 375 3300 ut
390 3243 554 3318 Corydona
568 3261 653 3302 sacro
669 3244 832 3301 Melisaeus
847 3245 878 3299 in
893 3253 980 3300 antro

111 3327 230 3385 Viderit
250 3337 279 3384 et
299 3328 431 3385 calamos
451 3327 545 3384 labris
563 3327 731 3385 admoverit
751 3327 850 3385 audax
1114 3327 1150 3384 70

113 3412 290 3469 Formosum
304 3413 413 3487 quibus
428 3412 481 3468 ille
497 3413 570 3470 olim
586 3420 723 3469 cantarat
739 3412 860 3482 Alexin,

112 3496 240 3553 Dixerat
257 3505 285 3552 et
302 3515 419 3553 musam
440 3497 586 3553 Damonis
604 3505 633 3553 et
650 3495 856 3570 Alphesiboei,

111 3580 204 3652 Queis
223 3579 329 3651 fretuS,
346 3580 480 3637 dictante
500 3581 574 3650 Dea,
593 3589 637 3637 tot
654 3580 754 3637 sidera
769 3581 856 3638 nobis

112 3664 293 3735 Prodiderit,
316 3674 415 3721 tantas
435 3665 511 3721 caeli
531 3662 711 3739 patefecerit
731 3682 809 3722 oras.

152 3749 233 3820 Quid
250 3748 383 3807 referam
402 3759 456 3808 aut
476 3749 600 3810 Stabias
620 3759 676 3810 aut
695 3769 777 3829 quae
794 3750 937 3808 tenuisse
954 3744 1085 3802 canetis
