2542 4102
148 190 187 245 60
398 186 502 236 ACTII
519 186 686 235 SYNCERI
702 187 939 237 SANNAZARII

150 358 286 414 Piscator
302 356 385 432 legat
403 367 431 414 et
449 356 574 431 scopulo
591 359 720 431 suspiret
738 358 775 415 ab
792 358 871 415 alto:

148 460 342 502 1N.GREM10.
359 460 507 501 miraris.
525 460 677 502 Raevant.
695 460 830 501 SIRENIS.
847 459 983 501 AMATAE

148 544 332 587 cousvucrs.
351 544 489 585 intruso,
510 544 611 584 ultrix.
631 545 785 585 suaniam.
805 544 964 587 serviero

605 661 730 732 Mycon.

192 778 289 836 Dulce
307 788 423 848 sonant,
441 778 563 852 Lycida,
581 788 634 835 tua
650 780 792 849 carmina,
809 796 864 835 nec
880 778 955 836 mihi
971 779 1077 836 malim

148 862 320 937 Alcyonum
338 863 471 919 lamenta
486 872 538 919 aut
554 863 615 921 udo
632 864 663 918 in
681 864 816 938 gramine
832 864 917 937 ripae

150 948 276 1021 Propter
295 966 404 1022 aquam
421 947 525 1004 dulces
542 965 705 1022 cycnorum
722 948 827 1004 audire
845 948 990 1022 querelas.

148 1032 207 1088 Sed
224 1040 257 1088 tu
280 1033 338 1106 (sic
355 1031 462 1090 faciles
477 1033 578 1088 vicina
594 1032 734 1105 Megaria
749 1049 865 1105 semper

149 1114 282 1172 Sufficiat
301 1116 439 1186 conchas,
459 1117 500 1172 sic
518 1117 658 1189 proxima
676 1116 853 1191 Mergilline

150 1202 260 1256 (lstrea
277 1219 459 1275 saxosaeque
478 1199 557 1257 ierat
577 1200 631 1256 tibi
650 1201 734 1274 rupis
752 1201 889 1276 echinos)

149 1285 404 1359 Quandoquidem
418 1303 479 1342 nox
492 1284 636 1341 obscuras
648 1285 713 1359 jam
728 1285 848 1342 distulit
861 1285 982 1342 umbras

150 1369 290 1427 Necdum
306 1387 479 1443 permensus
495 1369 612 1426 caelum
626 1368 688 1439 Sol,
705 1370 804 1443 incipe
820 1387 922 1426 rursus

147 1453 248 1527 Atque
264 1455 339 1510 itera
354 1454 428 1509 mihi
444 1471 583 1526 cannen3
601 1454 712 1510 habent
729 1455 837 1510 iterata
852 1454 994 1527 leporem.

597 1570 736 1644 Lucillus.

191 1690 220 1745 N
224 1708 239 1746 e
252 1691 403 1760 miserum,
417 1708 454 1745 ne
468 1707 550 1763 coge,
569 1690 699 1764 Mycon3
716 1698 761 1745 sat
775 1689 900 1760 lumina,
916 1698 962 1746 sat
976 1690 1041 1764 jam

89 1788 92 1793 ·
150 1775 324 1831 Exhaustae
341 1774 482 1831 maduere
501 1791 594 1848 genae
603 1791 612 1846 3
632 1772 720 1830 dolor
744 1773 875 1848 (aspice)
899 1774 993 1830 siccas

149 1858 287 1916 Obduxit
305 1858 409 1916 fauces
426 1859 523 1933 quatit
541 1867 569 1915 et
586 1858 768 1933 singultibus
786 1860 879 1916 imum

150 1943 266 2014 Pectus,
284 1943 535 2017 anhelantemque
552 1943 683 1999 animam
700 1961 759 1999 vox
775 1960 866 2016 aegra
882 1942 1034 2017 relinquit.

149 2026 191 2084 Et
207 2036 307 2084 tamen
323 2027 397 2083 haee
415 2027 489 2084 alias
508 2027 562 2083 tihi
580 2045 635 2084 nos
652 2037 680 2083 et
698 2027 788 2100 plura
805 2044 953 2097 canemus,

149 2112 288 2170 Fortasse
308 2122 336 2168 et
354 2111 488 2181 meliora,
510 2111 607 2168 aderit
625 2113 649 2167 si
670 2112 762 2168 Musa
780 2112 907 2170 canenti.
1133 2114 1195 2171 120

149 2196 233 2269 Quin
248 2203 277 2252 et
292 2195 428 2252 veliferis
443 2196 515 2253 olim
532 2196 605 2252 haee
620 2195 785 2268 spectanda
800 2197 919 2265 earinis,

148 2280 207 2337 Seu
224 2280 400 2354 Prochytae‚
418 2299 469 2336 seu
487 2280 598 2335 Miseni
613 2280 668 2337 suh
684 2297 758 2353 rupe
773 2281 898 2353 patenti,

150 2364 317 2421 Inscribam
337 2364 525 2439 grandesque
543 2373 629 2421 notas
650 2363 805 2439 ferrugine
823 2364 932 2420 ducam

150 2449 336 2506 Praeterieris
353 2467 427 2524 quas
444 2458 537 2505 nauta
553 2449 630 2504 mari
646 2458 803 2523 percurrat
819 2449 857 2505 ab
874 2448 937 2506 alto

148 2533 190 2590 Et
206 2533 304 2590 dicat:
324 2532 482 2607 ‘Lycidas
500 2532 629 2606 Lycidas
645 2533 719 2589 haee
736 2533 871 2589 carmina
887 2532 961 2589 iecit
974 2532 990 2589 '.

147 2616 207 2674 Sed
222 2618 364 2691 quoniam
379 2619 449 2673 socii
466 2618 576 2691 passim
592 2634 645 2690 per
659 2617 730 2674 litus
745 2624 869 2675 ovantes

149 2700 335 2776 Exspectant
354 2712 542 2776 poscuntque
562 2711 628 2757 tuas
648 2701 686 2757 ad
706 2703 782 2758 retia
800 2703 887 2772 vires,

149 2785 278 2868 Eiauage
292 2786 357 2859 jam
374 2803 539 2861 surgamus.
579 2785 645 2859 ligo
661 2786 734 2842 haec
750 2786 788 2843 ad
804 2787 893 2843 busta
908 2785 1034 2859 sedel›o;

148 2871 198 2926 'l'u
215 2871 310 2927 socios
328 2872 431 2941 invise,
449 2887 530 2927 escas
548 2888 619 2927 nam
636 2888 777 2945 quaerere
796 2880 914 2944 tempus

149 2955 188 3010 lit
205 2955 258 3011 tihi
274 2971 355 3010 nunc
370 2973 482 3011 vacuae
497 2954 616 3011 fluitant
633 2956 695 3010 sine
711 2954 844 3029 pondere
859 2973 972 3011 nassae.
1132 2958 1190 3013 130
