2542 4102
411 543 587 610 acinon
608 553 633 623 r,
652 546 850 611 PHYLLIS.

467 720 616 777 chrnAs.
660 721 792 778 Micon.

559 887 698 960 Lycidas.

152 1006 298 1077 Mirabar,
316 1007 424 1077 vicina,
445 1006 567 1080 Mycon,
585 1024 638 1081 per
656 1006 747 1062 litora
762 1023 857 1080 nuper

112 1089 194 1149 Dum
210 1108 304 1165 vagor
319 1097 518 1165 exspectoque
536 1091 615 1147 leves
632 1090 671 1147 ad
687 1089 801 1164 pabula
816 1091 956 1164 thynnos

111 1175 193 1248 Quid
209 1184 328 1233 tantum
341 1176 475 1232 insuetus
490 1184 636 1248 streperet
650 1175 725 1231 mihi
741 1192 848 1232 corvus
863 1183 892 1231 et
906 1173 984 1231 udae

111 1260 167 1315 Per
183 1258 325 1333 scopulos
343 1260 455 1334 passim
473 1259 587 1316 fulicae
603 1277 715 1334 perque
734 1268 822 1315 antra
839 1267 975 1332 repostae

110 1345 226 1400 Tristia
240 1343 391 1401 flebilibus
407 1343 594 1416 complerent
611 1361 684 1399 saxa
701 1343 839 1418 querelis,

111 1428 189 1486 Cum
204 1428 270 1502 jam
284 1445 340 1484 nec
353 1446 463 1484 curvus
479 1428 606 1484 resiliret
623 1429 659 1484 ab
675 1445 803 1503 aequore
818 1427 945 1502 delphin

110 1512 176 1569 Nec
193 1513 298 1569 solitos
314 1512 351 1569 de
367 1530 450 1569 more
467 1513 573 1569 choros
591 1512 746 1569 induceret
762 1511 860 1569 undis.

110 1597 189 1653 Ecce
205 1597 270 1653 dies
289 1596 393 1654 aderat
410 1615 510 1653 caram
528 1615 588 1671 qua
605 1596 750 1670 Phyllida
766 1606 862 1653 terrae

109 1680 311 1738 Condidimus
332 1681 509 1756 tumuloque
530 1683 596 1755 pias
618 1680 793 1740 deflevimus
812 1681 943 1751 umbras,

107 1765 158 1821 Ah
175 1766 277 1821 miseri
286 1784 294 1838 5
315 1774 344 1822 et
363 1765 490 1839 posthac
508 1783 563 1822 nec
581 1766 680 1822 tristes
699 1764 865 1840 linquimus
883 1782 971 1822 auras
1114 1765 1150 1820 10

109 1849 139 1904 N
143 1867 176 1906 ec
191 1849 311 1906 dubitat
327 1868 433 1906 saevus
447 1850 557 1906 solatia
572 1848 654 1906 ferre
671 1848 825 1923 Pylemon.

566 1983 691 2056 Mycon,

149 2099 272 2158 Scilicet
288 2099 319 2156 id
336 2099 437 2157 fuerat
454 2110 518 2157 tota
533 2100 614 2175 qnod
630 2110 717 2158 nocte
734 2101 859 2175 vaganti

108 2185 182 2241 Huc
197 2184 280 2255 illuc,
297 2184 370 2242 dum
387 2185 543 2259 Pausilypi
560 2185 639 2241 latus
655 2203 742 2242 omne
758 2202 879 2259 pererro

108 2269 319 2343 Piscosamque
337 2269 405 2344 lego
423 2269 512 2325 celeri
530 2268 647 2326 Nesida
662 2269 797 2343 phaselO,

109 2352 220 2411 Nescio
235 2353 309 2428 quid
325 2353 444 2428 queruli
461 2362 613 2428 gemerent
628 2353 816 2410 lacrimabile
830 2354 934 2427 mergi.

110 2437 227 2512 Phyllis
243 2437 281 2494 ad
297 2436 433 2509 inferias,
451 2437 568 2511 Phyllis
591 2438 631 2512 (si
646 2437 811 2512 credimus)
834 2438 904 2494 illos

107 2522 158 2578 Ad
174 2523 328 2597 gemitum,
346 2541 362 2579 o
380 2522 503 2596 Lycida,
521 2522 689 2596 tumulique
706 2521 744 2578 ad
761 2540 846 2578 sacra
860 2522 995 2578 vocabat.

556 2655 695 2728 Lycidas.

151 2774 246 2845 Eheu,
267 2791 334 2830 care
354 2774 476 2848 Mycon,
495 2773 594 2849 qualis
611 2774 787 2848 spectacula
805 2791 933 2848 pompae

113 2858 223 2933 (Nunc
239 2857 354 2934 recolo)
378 2875 452 2933 quas
469 2859 532 2933 ipse
547 2875 653 2914 manus
671 2876 784 2933 quaeve
801 2876 855 2915 ora
869 2859 974 2914 notavi

107 2943 168 3000 His
187 2943 282 3001 oculis
292 2962 300 3016 3
321 2944 376 3014 his,
396 2945 529 3017 inquam,
550 2943 646 3000 oculis
663 2961 739 3017 quae
758 2942 869 3000 funera
886 2942 949 2999 vidi
1110 2944 1147 2998 20

108 3027 225 3084 Infelix
235 3046 243 3101 3
264 3045 319 3084 nec
337 3046 384 3084 me
403 3027 526 3084 tandem
545 3027 633 3084 dolor
651 3027 806 3100 improbus
825 3028 887 3102 egit

108 3113 146 3167 In
163 3112 312 3186 scopulos,
330 3113 362 3167 in
379 3128 460 3182 saxa,
478 3129 589 3186 rogove
606 3111 773 3185 absumpsit
791 3111 896 3169 eodem

109 3197 205 3271 Ignea
219 3197 273 3266 vis,
291 3195 339 3252 vel
356 3194 463 3253 saltem
479 3197 588 3270 aliquis
605 3194 679 3253 deus
695 3214 824 3270 aequore
839 3196 951 3253 mersit.

562 3331 686 3404 Myron.

149 3449 176 3507 Ο
193 3449 317 3523 Lycida,
334 3448 457 3523 Lycida,
474 3467 573 3506 nonne
589 3450 646 3506 hoc
662 3448 782 3505 felicius
799 3449 846 3504 illi

108 3534 252 3590 Evenisse
269 3543 358 3608 putas
376 3535 509 3608 quamsi
527 3532 648 3590 fumosa
667 3533 796 3606 Lycotae

107 3618 207 3675 Antra
225 3619 274 3675 vel
294 3618 402 3674 hirsuti
423 3627 552 3693 tegetem
570 3617 709 3675 subiisset
729 3617 893 3694 Amyntae,

1043 3706 1076 3757 ai
