2542 4102
248 189 394 238 ECLOGA
419 190 448 247 V,
466 175 658 237 HERPYLIS
675 188 1005 240 PHARMACEUTRI.4
1113 193 1149 251 73

112 359 251 416 Forsitan
267 361 316 422 hic
333 370 450 417 nostros
467 360 583 418 sedabit
601 362 730 435 pectoris
748 370 854 419 aestus

110 444 211 500 Sistite
228 445 432 518 praecipitem,
449 445 515 518 jam
532 446 635 515 sistite,
653 445 732 516 licia,
751 446 910 502 rhombum
923 445 940 502 ².

151 528 309 586 Hactenus
327 529 379 584 ille
389 548 397 602 3
417 529 489 604 quid
508 530 578 586 hinc
596 530 788 604 subjunxerit
806 530 911 588 ordine
930 529 1073 605 Thelgon

109 613 222 685 Accipe
232 631 240 684 3
258 631 319 670 non
337 631 438 670 omnes
455 631 533 669 unus
548 613 636 670 dolor
653 615 738 688 angit
755 623 898 671 amantes.
1131 607 1133 612 ¹

555 747 704 821 Thelgon.

151 863 239 935 Rupe
258 863 313 919 sub
332 863 389 919 hac
407 881 524 920 mecum
545 862 621 919 sedit
643 863 789 936 Galatea3
810 862 950 920 videbam

111 946 151 1002 Et
173 947 305 1020 Capreas
324 956 353 1002 et
373 965 449 1021 quae
470 947 608 1004 Sirenum
627 949 752 1004 nomina
770 958 890 1004 servant

61 1096 62 1099 ,
111 1031 196 1087 Rura
213 1031 320 1105 procul
330 1049 338 1103 3
360 1040 473 1088 veteres
493 1031 554 1088 1111
570 1031 609 1088 de
628 1040 715 1105 parte
732 1032 835 1088 ruinas

29 1107 31 1111 ’
111 1115 254 1171 Herculis
273 1115 412 1171 ambusta
430 1116 569 1190 signabat
588 1116 625 1172 ab
645 1133 712 1172 arce
731 1117 886 1172 Vesevus·

111 1199 223 1255 Exsere
243 1199 404 1269 caeruleos,
425 1200 544 1270 Triton,
564 1200 601 1257 de
622 1201 741 1274 gurgite
760 1200 871 1258 vultus.

153 1284 221 1357 lpse
236 1302 325 1353 111615,
343 1285 462 1353 Triton,
482 1283 584 1340 Nereo
598 1283 718 1339 deferre
734 1284 879 1358 querelas,

113 1368 181 1439 lpse
199 1377 284 1441 potes
304 1386 396 1424 curva
414 1386 556 1425 resonans
576 1385 665 1442 super
684 1386 816 1443 aequora
835 1369 951 1425 concha

112 1452 151 1507 Et
169 1453 302 1524 scopulis
320 1470 442 1508 narrare
461 1461 489 1508 et
506 1450 677 1526 fluctivagis
694 1452 851 1509 ballaenis.

112 1536 223 1591 Exsere
242 1536 402 1606 caeruleos
423 1537 534 1593 Triton
552 1545 646 1610 pater,
666 1554 767 1593 exsere
784 1536 894 1594 vultus¹

152 1621 214 1675 Hic
229 1622 342 1694 primos
357 1620 431 1676 1111111
447 1637 624 1695 congressus
639 1620 723 1677 dedit
738 1620 794 1677 illa
808 1622 937 1695 roganti,

112 1705 173 1759 Hic
190 1706 307 1760 niveam
325 1704 460 1761 formosa
475 1723 598 1761 manum
616 1706 750 1779 porrexit
767 1714 796 1762 et
819 1705 918 1780 (eheu,

111 1789 193 1859 Quid
209 1789 344 1862 recolo?)
368 1790 475 1846 1161105
491 1791 522 1845 in
537 1808 584 1846 me
600 1788 706 1847 defixit
723 1790 843 1847 ocellos

112 1873 223 1928 Exsere
242 1873 403 1943 caeruleos,
424 1874 543 1945 Triton,
564 1873 601 1930 de
622 1875 741 1949 gurgite
760 1873 870 1930 vultus¹

153 1958 224 2013 Huc
242 1956 321 2027 ades,
340 1976 357 2014 0
374 1975 442 2013 mea
458 1975 539 2028 cura,
558 1957 640 2032 quid,
659 1976 676 2016 o
694 1957 767 2033 quid
784 1957 868 2015 lenta
884 1958 1031 2015 moraris?

112 2041 180 2113 lpse
200 2058 254 2115 ego
274 2050 302 2097 te
321 2051 445 2115 propter
463 2042 558 2098 socios
578 2042 773 2116 cymbamque
793 2042 910 2110 reliqui.
1111 2043 1151 2098 90

111 2124 223 2180 Exsere
242 2126 403 2196 caeruleos
422 2127 534 2183 Triton
551 2135 645 2200 pater,
665 2144 766 2182 exsere
784 2126 895 2183 vultus,

152 2209 215 2265 Hic
233 2210 288 2266 tibi
305 2219 461 2267 consuetas
479 2209 642 2267 formosior
660 2210 792 2283 explicat
810 2210 931 2268 umbras

111 2293 264 2367 Populus3
282 2293 449 2368 amplector
464 2311 552 2368 saepe
567 2295 645 2351 hanc
659 2303 749 2369 atque
765 2294 869 2352 oscula
883 2292 944 2369 figo

111 2376 290 2448 CorticibuS,
308 2395 397 2452 saepe
414 2379 481 2452 11151
496 2377 608 2452 pedum
624 2379 752 2452 vestigia
768 2396 878 2454 quaero

111 2460 160 2531 Et,
178 2463 202 2517 si
219 2461 292 2537 quid
308 2462 447 2520 manibus
464 2463 598 2536 tetigisti,
616 2461 738 2520 floribus
754 2481 837 2520 01110.

111 2545 224 2602 Exsere
241 2546 402 2617 caeruleos,
420 2547 539 2616 Triton,
558 2546 595 2603 de
613 2547 732 2625 gurgite
747 2547 858 2604 vultus.

152 2630 251 2702 Quem
267 2630 342 2686 mihi
359 2648 440 2688 nunc
458 2629 615 2705 praefers?
654 2632 687 2689 Si
704 2640 732 2688 te
749 2631 828 2706 juga
844 2630 983 2702 frondea,
1002 2632 1027 2687 si
1045 2640 1073 2688 te

109 2713 230 2771 Arbuta
246 2725 461 2789 pascentesque
479 2714 588 2788 juvant
608 2733 660 2789 per
679 2733 751 2772 rura
769 2715 913 2789 capellae,
1010 2714 1016 2727 “

111 2797 140 2852 N
144 2817 176 2855 05
194 2817 312 2874 quoque
329 2817 391 2856 non
407 2798 535 2873 graciles
551 2817 632 2856 nunc
649 2800 781 2873 primum
797 2800 926 2874 jungere
944 2817 1054 2857 avenas
1124 2804 1127 2810 '

112 2882 264 2939 Discimus
275 2902 282 2956 3
304 2885 413 2940 incisas
433 2884 561 2957 implent
580 2902 648 2940 mea
666 2886 800 2941 carmina
820 2883 909 2959 fagos
1095 2885 1151 2940 100

112 2967 151 3023 Et
168 2986 236 3024 mea
254 2968 416 3024 Maenaliis
433 2967 544 3042 pendet
561 2969 627 3042 jam
645 2966 749 3025 fistula
765 2968 858 3025 silvis.

112 3051 224 3108 Exsere
243 3051 403 3122 caeruleos,
423 3053 534 3109 Triton
552 3058 646 3126 pater,
666 3070 767 3109 exsere
785 3052 896 3109 vultus

151 3135 204 3192 Sin
221 3137 317 3210 magis
335 3136 469 3192 arrident
486 3138 559 3193 haec
575 3137 674 3205 litora,
693 3137 739 3192 sin
754 3137 851 3211 magis
868 3136 923 3192 alti

112 3219 245 3276 Divitiae
263 3220 373 3294 pelagi,
393 3236 513 3293 sparsos
531 3221 597 3295 quis
615 3237 721 3295 cogere
739 3221 834 3295 pisces

112 3303 238 3360 Doctior
256 3314 308 3360 aut
325 3304 458 3378 rigidum
476 3304 583 3361 dextra
600 3305 717 3381 jactare
735 3304 917 3362 tridentem?

112 3389 224 3444 Exsere
241 3389 402 3459 caeruleos,
420 3389 540 3459 Triton,
558 3389 595 3446 de
615 3390 733 3463 gurgite
750 3388 861 3446 vultus

153 3472 225 3529 Non
242 3492 297 3547 ego
314 3473 476 3546 delphinis,
494 3482 522 3530 te
538 3473 650 3547 judice,
668 3492 729 3530 non
747 3492 803 3548 ego
819 3474 941 3547 thynnis

110 3557 249 3631 Aequore
266 3557 315 3614 vel
331 3558 433 3615 medio
449 3557 584 3615 dubitem
602 3567 716 3615 certare
731 3557 875 3614 1111111110.

111 3641 194 3713 Quid
209 3643 264 3697 tibi
280 3660 326 3698 me
341 3643 463 3715 jactem,
479 3642 527 3698 cui
542 3642 593 3697 vix
608 3659 766 3698 numerare
780 3641 828 3698 vel
843 3642 947 3699 hamos

112 3726 203 3782 Nunc
222 3736 310 3783 vacat
328 3736 381 3784 aut
399 3735 491 3785 restes
509 3736 699 3806 onerataque
714 3729 798 3786 retia
811 3726 946 3803 plumbo
1110 3722 1179 3772 Q
