2542 4102
122 185 158 242 58
370 180 475 231 ACTII
491 176 659 231 SYNCERI
673 177 914 233 SANNAZARII

123 352 163 409 Et
181 370 262 410 nunc
279 352 338 410 heu
355 353 430 409 viles
448 352 537 411 hamo
557 352 613 409 sibi
631 363 786 428 quaereret
804 370 885 410 escas

121 437 183 493 Aut
201 438 283 494 tenui
301 436 416 494 laceras
434 437 557 494 sarciret
575 438 688 494 vimine
706 438 827 494 nassas?

121 521 180 579 Sed
196 530 237 591 tu,
255 522 367 596 siquid
384 521 475 578 habes
491 531 606 578 veteres
621 521 702 596 quod
718 522 822 596 lugeat
838 522 931 596 ignes,

121 605 213 677 Quod
231 624 335 662 nranes
353 607 525 681 cineresque
543 606 597 662 diu
614 615 739 662 testetur
757 614 881 677 amatos

124 691 236 763 Incipe,
255 690 501 764 quandoquidem
517 690 624 747 molles
642 690 697 746 tibi
714 691 786 747 litus
803 692 930 748 harenas

121 775 235 830 Sternit
256 784 284 830 et
305 775 403 830 insani
424 783 588 847 posuerunt
607 792 764 832 murmura
783 774 899 832 fluctus.

571 925 710 997 Lycidas.

166 1044 263 1099 lmrno
279 1043 352 1099 haec
369 1061 445 1117 quae
462 1043 555 1098 cineri
571 1061 667 1116 nuper
684 1052 847 1118 properata
863 1043 1008 1118 parabam

123 1128 275 1197 Carmina,
296 1128 332 1183 ah
352 1137 485 1185 extremo
504 1146 572 1184 cum
590 1129 654 1202 jam
672 1145 747 1184 cava
765 1127 856 1185 litora
873 1133 965 1202 portu

123 1212 329 1285 Prospicerem
348 1222 376 1268 et
394 1213 475 1267 nivei
493 1229 651 1268 venerarer
670 1229 744 1268 saxa
762 1212 902 1286 sepulcri,

123 1296 290 1369 Incipiam,
309 1305 342 1352 tu
357 1294 508 1352 coniieras
524 1295 563 1352 ad
578 1296 667 1352 busta
681 1313 838 1369 cupressus

122 1382 237 1454 Sparge
253 1398 345 1437 manu
362 1389 390 1436 et
406 1379 496 1436 viridi
513 1380 664 1437 tumulum
679 1397 768 1453 super
785 1381 885 1454 intege
901 1389 1008 1456 myrto.

579 1529 703 1600 Mycon.

164 1647 213 1702 En
229 1646 284 1702 tibi
300 1646 429 1703 caerulei
444 1664 580 1702 muscum
596 1647 742 1720 aequoris,
759 1664 795 1702 en
811 1646 867 1703 tibi
883 1645 1012 1703 conchas

123 1730 302 1804 Purpureas,
320 1747 451 1787 necnon
469 1739 532 1791 toto
549 1731 684 1805 quaesita
700 1729 855 1804 profundo

124 1815 163 1871 Et
180 1816 231 1871 vix
248 1832 285 1870 ex
301 1816 370 1871 imis
386 1815 490 1871 evulsa
505 1814 633 1870 corallia
650 1816 729 1871 saxis

122 1897 287 1956 Afferimus
297 1918 305 1970 3
324 1909 356 1955 tu
373 1898 532 1955 sollemnes
550 1916 630 1955 nunc
647 1899 745 1973 incipe
762 1907 876 1955 cantus.

125 1984 237 2056 Incipe,
257 1983 328 2039 dum
348 1983 386 2039 ad
405 1983 498 2039 solem
518 1983 655 2056 Bajanus
673 1984 749 2039 retia
769 1983 887 2040 Milcon

124 2066 268 2140 Explicat
287 2077 314 2124 et
332 2066 471 2124 madidos
490 2068 644 2140 componit
662 2069 693 2122 in
710 2067 781 2124 orbe
799 2066 949 2124 rudentes

571 2201 710 2275 Lycidas.

163 2320 248 2391 Quos
262 2320 338 2375 mihi
353 2337 442 2390 nunc,
461 2320 566 2390 Divae,
583 2319 732 2392 scopulos,
749 2336 824 2393 quae
839 2318 973 2393 panditis
989 2327 1086 2390 antra,

123 2404 291 2460 Nereides?
310 2423 383 2479 quas
401 2414 434 2461 tu
453 2406 558 2460 secreti
574 2404 673 2460 litoris
690 2404 806 2475 herbas,

124 2488 240 2545 Glauce
257 2498 352 2563 pater,
370 2507 445 2564 quae
463 2487 668 2545 monstriferis
683 2488 759 2544 mihi
776 2489 914 2562 gramina
931 2489 1008 2545 sucis

122 2572 273 2630 Ostendes
286 2591 376 2644 nunc,
394 2573 518 2643 Glauce,
535 2573 643 2647 quihus
657 2573 766 2629 tellure
781 2572 895 2643 relicta,

121 2656 172 2713 Ah
190 2658 289 2727 miser,
309 2666 337 2713 et
357 2657 466 2731 liquidi
486 2656 586 2713 iactus
605 2674 701 2714 novus
720 2657 822 2713 incola
840 2657 926 2730 ponti

123 2742 168 2798 Te
186 2759 292 2816 sequar
310 2742 341 2797 in
356 2741 470 2798 medios
487 2751 604 2798 mutato
623 2758 748 2814 corpore
764 2740 871 2798 fluctus

123 2825 164 2882 Et
185 2825 295 2882 feriam
312 2825 408 2883 bifida
428 2826 600 2899 spumantia
617 2844 770 2882 marmora
788 2825 905 2882 cauda?

124 2909 207 2966 Nam
220 2909 294 2985 quid
310 2928 367 2985 ego
380 2910 439 2967 heu
453 2911 525 2967 solis
539 2912 634 2967 vitam
648 2911 712 2967 sine
728 2908 869 2984 Phyllide
885 2910 971 2966 terris

124 2993 275 3068 llxoptem
293 2995 403 3050 miser?
443 3003 495 3051 aut
514 2994 660 3069 quidnam
680 3003 767 3068 rapta
785 2994 860 3049 mihi
879 2994 945 3051 luce

124 3077 222 3135 Dulce
239 3079 362 3153 putem?
401 3078 512 3153 quidve
529 3080 579 3135 hic
597 3079 733 3153 sperem?
771 3078 845 3153 quid
863 3079 928 3153 jam
945 3095 1044 3135 morer
1060 3076 1146 3135 ultra

124 3161 261 3219 lnielix?
298 3180 337 3219 an
352 3172 385 3219 ut
401 3163 458 3218 hac
473 3163 527 3219 vili
543 3164 699 3238 projectus
715 3163 746 3218 in
762 3161 834 3237 alga

121 3247 250 3303 Arentes
269 3256 387 3304 tantum
406 3247 532 3304 frutices
549 3247 725 3322 desertaque
744 3264 865 3303 cernam

122 3330 227 3387 Litora
242 3339 271 3387 et
286 3332 408 3405 ingrato
421 3331 534 3404 jactem
548 3350 615 3388 mea
630 3333 722 3389 verba
736 3331 895 3404 sepulcro?

123 3415 245 3473 Scilicet
262 3416 317 3473 hos
334 3416 493 3485 thalamos
513 3417 567 3473 hos
586 3415 690 3472 felices
708 3416 889 3490 hymenaeos

122 3503 359 3561 Concelebrem?
402 3504 444 3559 sic
461 3512 598 3577 speratae
614 3502 690 3558 mihi
709 3501 821 3576 gaudia
839 3500 944 3558 taedae

125 3584 186 3642 Dat
205 3586 327 3641 Venus?
365 3585 522 3658 ambiguos
540 3586 583 3640 sic
600 3585 653 3641 dat
673 3584 789 3641 Lucina
806 3583 948 3641 timores?

123 3670 199 3741 Quis
216 3669 301 3740 milri,
322 3670 389 3744 quis
408 3679 466 3726 tete
486 3670 595 3743 rapuit,
616 3668 793 3726 dulcissima
811 3667 922 3741 Phylli,
1124 3666 1164 3724 60

101 3752 217 3826 Phylli
227 3772 317 3813 meae
335 3754 495 3832 quondam
514 3755 636 3833 requies
651 3770 782 3830 spesque
795 3752 892 3808 unica
902 3751 999 3819 uitae,
