2542 4102
426 190 572 240 ECLOGA
592 188 633 247 II,
652 189 823 239 GALATEA

393 462 569 520 ECLOGA
585 462 628 532 11,
645 459 862 520 GALATEA.

152 633 241 691 Forte
261 633 363 706 Lycon
382 649 477 688 vacuo
496 630 595 688 fessus
612 629 787 688 consederat
806 638 895 686 antro

111 719 245 774 Piscator
262 735 321 791 qua
338 734 367 773 se
384 716 501 789 scopuli
518 715 554 771 de
570 715 681 771 vertice
684 715 760 795 ‘lato

109 801 251 859 Ostentat
267 800 378 875 pelago
394 800 599 874 pulcherrima
616 799 802 873 Mergilline.

111 887 251 961 Dumque
267 885 320 942 alii
335 894 481 959 notosque
496 885 579 940 sinus
595 884 771 958 piscosaque
787 883 900 938 circum

109 971 251 1044 Aequora
266 969 447 1027 collustrant
462 967 590 1024 flammis
606 976 658 1024 aut
674 968 756 1024 linea
770 967 860 1041 longe

110 1056 201 1111 Retia
219 1055 413 1128 captivosque
433 1053 557 1110 trahunt
576 1052 615 1109 ad
635 1052 726 1108 litora
745 1052 850 1125 pisces,

112 1141 181 1213 lpse
199 1157 252 1213 per
270 1139 428 1195 obscuram
445 1137 610 1194 meditatur
627 1138 762 1193 carmina
780 1145 914 1192 noctem:

152 1223 302 1279 ‘Immitis
321 1221 458 1291 Galatea,
475 1221 553 1277 nihil
570 1230 598 1277 te
613 1239 740 1278 munera
755 1219 885 1288 tandem,
939 1249 941 1253 ·

111 1307 167 1363 Nil
184 1317 303 1364 nostrae
319 1324 439 1363 movere
455 1306 578 1380 preces?
592 1305 685 1362 verba
702 1306 788 1361 irrita
803 1305 900 1360 ventis

112 1392 258 1449 Fudimus
272 1400 300 1448 et
313 1409 406 1448 vanas
420 1389 552 1463 scopulis
566 1390 746 1464 impegimus
760 1388 865 1444 undas.

111 1477 230 1550 Aspice,
247 1485 356 1532 cuncta
372 1475 470 1537 silent,
487 1493 572 1531 orcas
588 1483 616 1530 et
630 1475 764 1530 maxima
779 1482 842 1529 cete

111 1561 239 1618 Somnus
256 1560 354 1629 habet,
372 1560 481 1615 tacitae
497 1559 642 1616 recubant
659 1576 712 1632 per
727 1558 818 1614 litora
833 1557 955 1631 phocae.

112 1645 185 1702 Non
202 1645 330 1718 Zephyri
349 1644 455 1717 strepit
472 1661 554 1711 aura,
573 1660 662 1716 sopor
679 1660 749 1698 suus
766 1641 869 1698 umida
885 1641 997 1697 mulcet

111 1730 260 1803 Aequora,
278 1729 376 1802 sopito
392 1729 532 1785 conivent
546 1727 648 1784 sidera
662 1726 744 1783 caelo
757 1744 764 1797 3

111 1814 200 1871 Solus
216 1831 271 1887 ego
294 1812 336 1887 (ei
351 1811 475 1886 misero)
497 1811 570 1868 dum
586 1812 666 1867 tristi
681 1820 801 1884 pectore
817 1819 939 1884 questus

113 1897 211 1955 Nocte
227 1899 311 1968 item,
327 1914 465 1954 somnum
480 1904 545 1953 tota
559 1896 596 1952 de
611 1903 710 1953 mente
726 1894 842 1969 fugavi,
965 1895 967 1900 ’

113 1981 179 2039 Nec
197 1990 297 2039 tamen
313 1980 379 2038 ulla
394 1998 477 2037 meae
493 1981 593 2055 tangit
610 1989 638 2036 te
655 1997 728 2036 cura
744 1979 858 2035 salutis.

110 2067 153 2124 At
169 2084 230 2124 non
248 2066 397 2122 Praxinoe
412 2083 459 2122 me
475 2065 638 2140 quondam,
655 2081 717 2121 non
735 2063 900 2137 Polybotae

113 2150 194 2208 Filia
207 2149 355 2224 despexit,
373 2167 435 2207 non
451 2149 555 2207 divitis
570 2166 648 2206 uxor
664 2149 822 2221 Amyntae,

113 2235 260 2315 Quamvis
278 2234 362 2292 culta
379 2234 455 2304 sinu,
475 2234 614 2309 quamvis
631 2233 711 2290 foret
730 2231 801 2289 alba
818 2231 952 2305 papillis.

112 2320 195 2392 Quin
212 2320 302 2376 etiam
319 2318 452 2376 Aenaria
474 2317 514 2391 (si
530 2318 692 2393 quicquam
707 2316 819 2391 credis)
842 2316 880 2373 ab
897 2316 961 2373 alta

112 2404 208 2479 Saepe
222 2421 332 2476 vocor;
349 2402 425 2460 solet
441 2403 506 2476 ipsa
519 2420 600 2459 meas
616 2401 741 2459 laudare
757 2400 906 2459 Camenas

114 2488 151 2544 ln
166 2488 271 2562 primis
286 2487 421 2545 formosa
435 2486 538 2561 Hyale
552 2487 600 2544 cui
614 2486 737 2560 sanguis
753 2485 849 2542 Iberis

113 2573 223 2630 Clarus
241 2573 313 2641 avis,
331 2573 379 2628 cui
395 2580 440 2629 tot
457 2580 562 2641 terrae,
580 2579 626 2628 tot
642 2571 735 2628 litora
751 2577 858 2643 parent

113 2657 258 2732 Quaeque
274 2656 322 2712 vel
341 2657 372 2712 in
388 2655 495 2712 mediis
514 2655 694 2729 Neptunum
712 2661 824 2711 torreat
841 2653 940 2710 undis,

112 2741 171 2798 Sed
189 2740 264 2797 mihi
282 2740 356 2815 quid
374 2749 501 2814 prosunt
520 2740 593 2796 haec
611 2740 719 2807 omnia,
741 2740 765 2795 si
784 2739 840 2795 tibi
857 2747 976 2796 tantum

119 2827 213 2900 (Quis
227 2825 338 2893 credat,
356 2824 520 2898 Galateai)
541 2824 597 2882 tibi
609 2825 634 2881 si
649 2824 778 2898 denique
792 2830 910 2879 tantum

115 2911 291 2985 Displiceo?
308 2910 332 2966 si
351 2919 384 2967 tu
399 2919 533 2967 nostram
551 2907 681 2966 crudelis
698 2925 824 2965 avenam

113 2995 186 3053 Sola
204 2994 296 3066 fugis
316 2994 381 3051 sola
398 3002 427 3051 et
444 3003 562 3051 nostros
580 2992 746 3050 contemnis
765 2991 900 3049 amores?

113 3080 225 3138 Ostrea
244 3079 355 3136 Miseni
375 3077 576 3152 pendentibus
595 3085 681 3134 eruta
697 3077 777 3134 saxis

115 3164 204 3221 Mille
222 3163 277 3221 tibi
293 3163 369 3225 misi,
389 3160 514 3219 totidem
531 3162 586 3218 sub
605 3161 724 3235 gurgite
740 3168 824 3217 vasto

116 3248 305 3322 Pausilypus
323 3247 449 3304 totidem
465 3247 569 3304 vitreis
587 3245 726 3318 Euploea
742 3245 796 3301 sub
813 3243 902 3301 undis

114 3334 220 3391 Servat
236 3332 336 3389 adhuc
346 3349 354 3404 3
373 3331 475 3405 plures
492 3331 582 3387 Nesis
597 3329 672 3387 mihi
689 3338 787 3386 servat
804 3327 925 3385 echinos

115 3418 199 3490 Quos
216 3435 271 3473 nec
288 3435 356 3474 vere
374 3433 455 3473 novo
470 3414 555 3472 foliis
573 3414 716 3470 lentiscus
734 3413 843 3470 amaris

115 3501 218 3559 Inficit
235 3511 287 3559 aut
303 3519 415 3558 vacuae
431 3509 557 3557 tenuant
572 3497 733 3574 dispendia
749 3497 862 3554 Lunae.

116 3588 274 3644 Praeterea
291 3586 367 3645 mihi
385 3584 441 3643 sub
458 3583 569 3661 pelago
585 3599 694 3641 manus
711 3590 784 3655 apta
801 3579 937 3655 legendis

116 3671 304 3742 Muricibus;
322 3668 419 3727 didici
435 3668 546 3745 Tyrios
562 3683 742 3744 cognoscere
760 3683 847 3725 sucos

112 3757 240 3837 Quoque
253 3753 347 3815 modo
361 3754 458 3841 plena
471 3752 588 3824 durent
603 3753 772 3842 muehylia
785 3760 879 3816 testa,

1115 2231 1154 2287 20
