2542 4102
443 169 590 220 ECLOGA
610 169 634 228 I,
651 169 704 218 PH
708 169 817 221 YLLIS
1113 171 1149 230 59

110 341 140 396 N
143 340 306 398 uncldolor
322 350 519 416 aeternusque
536 341 596 397 imo
611 341 665 399 sub
681 350 802 416 pectore
816 340 937 398 luctus?

110 425 183 482 Non
200 426 286 482 licuit
303 433 401 482 tecum
417 434 537 498 optatos
555 425 742 499 conjungere
759 442 878 481 somnos

110 509 224 566 Dulcia
239 527 295 566 nec
311 511 426 582 primae
442 509 601 583 decerpere
617 509 699 566 dona
715 511 859 583 juventae

108 593 171 650 Aut
188 592 278 651 simul
293 603 441 650 extremos
457 595 551 650 vitam
567 593 734 666 producere
749 595 780 649 in
796 610 899 650 annos,

110 677 140 732 N
144 695 203 735 unc
219 686 248 734 te
271 677 353 752 (quis
370 678 508 753 credat?)
532 678 610 751 lapis
628 678 677 733 hic
694 678 784 734 habet
800 688 829 734 et
845 678 920 734 mihi
936 695 1085 752 nusquam
1101 694 1149 750 es;

110 760 271 837 Nusquam
288 771 436 818 terrarum
455 762 581 836 Phyllis,
599 762 650 818 sed
667 761 776 818 sabula
792 771 821 819 et
837 762 961 819 umbrae

110 846 134 901 F
137 855 308 902 rustrantur
324 847 447 903 miseras
465 864 518 920 per
535 846 604 903 dira
619 847 770 903 insomnia
786 856 896 903 noctes

111 930 163 986 Me
178 931 328 1001 miserum,
347 939 452 1005 quate
470 929 592 986 tandem
609 931 730 1004 regione
748 931 919 1005 requiram?

110 1015 216 1086 Quave
233 1015 360 1088 sequar?
399 1015 455 1070 Per
473 1025 501 1071 te
517 1014 671 1089 quondam
686 1015 762 1071 mihi
777 1025 857 1071 terra
873 1015 1013 1089 placebat
1114 1015 1158 1083 70,

110 1099 151 1154 Et
167 1099 275 1172 populi
291 1099 444 1173 laetaeque
461 1101 522 1155 suis
536 1118 605 1156 cum
620 1099 776 1157 moenibus
792 1099 899 1172 urbes;

111 1181 204 1238 Nunc
221 1183 309 1256 juvat
328 1184 464 1238 immensi
484 1182 559 1240 fines
577 1183 705 1240 lustrare
725 1182 874 1257 profundi

111 1267 227 1341 Perque
247 1267 431 1340 procellosas
452 1285 551 1324 errare
571 1268 710 1325 licentius
729 1267 829 1324 undas

110 1351 273 1408 Tritonum
293 1353 458 1409 immistum
477 1351 573 1408 turbis
592 1350 810 1427 scopulosaque
830 1361 894 1408 cete

112 1436 195 1492 Inter
213 1444 242 1492 et
257 1435 404 1492 informes
422 1436 557 1492 horrenti
574 1454 699 1509 corpore
716 1436 838 1510 phocas,
999 1507 1001 1512 Ι

111 1519 180 1590 Quo
198 1537 363 1594 numquam
381 1529 476 1576 terras
493 1519 621 1576 videam.
661 1521 731 1594 Jam
748 1520 814 1594 jam
831 1519 887 1576 illa
903 1529 947 1577 tot
965 1521 1052 1576 annis

111 1604 293 1660 Culta'mihi
310 1604 409 1673 tellus,
427 1604 592 1679 populique
609 1605 756 1679 urbesque
772 1604 879 1675 valete,

110 1687 216 1744 Litora
229 1705 300 1744 cara
313 1689 418 1758 valete,
435 1688 502 1744 vale
516 1688 606 1745 simul
622 1689 737 1761 optima
752 1688 862 1762 Phylli.

112 1771 178 1828 Nos
196 1772 259 1842 tibi,
277 1790 331 1829 nos
349 1771 472 1846 liquidis
491 1782 604 1846 septem
621 1790 676 1846 pro
695 1773 834 1830 fluctibus
852 1791 920 1830 aras

111 1856 259 1913 Ponemus
277 1865 449 1931 septemque
467 1857 523 1913 tibi
540 1857 577 1913 de
593 1875 676 1914 more
695 1858 857 1932 quotannis

111 1940 252 1996 Monstra
265 1942 357 1996 maris
372 1942 475 2014 magni
490 1941 602 1998 vitulos
617 1941 816 1998 mactabimus
832 1942 936 2011 hirtoS,

112 2017 151 2080 Et
170 2024 225 2080 tibi
243 2026 374 2098 septenis
392 2025 567 2098 pendebunt
585 2033 684 2083 ostrea
701 2026 796 2096 sertiS,

111 2108 221 2166 Ostrea
238 2109 404 2166 muricibus
421 2111 538 2166 variata
555 2109 691 2184 albisque
709 2109 833 2183 lapillis

111 2193 174 2249 Hic
191 2193 246 2248 tibi
265 2193 375 2249 Nisaee
393 2203 421 2249 et
439 2193 530 2250 flavos
549 2193 681 2251 resoluta
697 2193 825 2267 capillos

112 2276 283 2350 Cymodoce
301 2278 441 2352 mitisque
461 2279 510 2351 pia
530 2295 598 2335 cum
616 2287 711 2334 matre
732 2278 895 2334 Palaemon

112 2361 151 2417 Et
171 2361 293 2434 Panope
310 2371 338 2417 et
356 2361 451 2418 Siculi
468 2371 566 2418 custos
585 2363 715 2418 Galatea
731 2361 880 2436 profundi

111 2445 278 2502 Sollemnes
296 2455 416 2501 nectent
434 2445 557 2502 choreas
575 2456 603 2502 et
622 2448 757 2502 carmina
775 2446 876 2502 dicent

112 2530 198 2601 Quae
218 2531 345 2586 Proteus
361 2529 514 2604 quondam
533 2530 638 2587 divino
655 2539 775 2603 pectore
793 2540 876 2587 vates

112 2613 253 2683 Edocuit‚
269 2615 373 2688 magni
388 2632 456 2670 cum
473 2613 583 2670 funera
598 2613 681 2671 fleret
697 2615 828 2671 Achillis

112 2697 152 2754 Et
176 2698 316 2755 Thetidis
340 2699 441 2755 luctus
463 2698 668 2755 consolaretur
693 2716 819 2756 amaros

111 2782 153 2839 At
171 2792 212 2853 tu,
232 2783 293 2838 sive
311 2783 407 2839 altum
426 2781 504 2838 felix
522 2783 595 2839 c‘olis
614 2783 744 2849 aethera,
764 2801 815 2840 seu
832 2784 844 2857 j
867 2801 897 2839 m

112 2867 232 2941 Elysios
249 2868 326 2922 inter
340 2884 443 2923 manes
459 2876 619 2940 coetusque
635 2867 780 2924 verendos

112 2951 259 3007 Lethaeos
277 2952 407 3024 sequeris
425 2969 478 3024 per
497 2961 605 3025 stagna
623 2951 771 3026 liquentia
787 2952 892 3025 pisces

111 3035 170 3091 Seu
188 3035 265 3108 legis
283 3044 420 3092 aeternos
438 3035 574 3092 formoso
590 3035 702 3109 pollice
721 3035 816 3106 flores,

113 3119 349 3193 Narcissumque
368 3137 547 3195 crocumque
566 3129 595 3177 et
612 3121 732 3177 vivaces
749 3120 950 3190 amaranthos

113 3203 153 3260 Et
171 3203 261 3261 violis
277 3213 394 3260 teneras
411 3205 517 3260 misces
534 3203 721 3278 pallentibus
739 3204 833 3278 algas,

111 3287 222 3360 Aspice
239 3303 293 3343 nos
309 3288 450 3362 mitisque
467 3289 553 3361 veni;
574 3297 607 3345 tu
624 3306 735 3345 numen
753 3306 899 3363 aquarum

111 3372 235 3444 Semper
253 3372 318 3442 eris
337 3389 453 3445 semper
471 3373 584 3428 laetum
602 3373 788 3446 piscantibus
804 3391 900 3430 omen.

113 3456 157 3512 Ut
176 3456 329 3529 Nymphis
348 3455 517 3531 Nereoque,
537 3465 570 3513 ut
588 3455 763 3514 flavicomae
781 3457 994 3531 Amphitritae,

111 3540 162 3596 Sic
177 3540 232 3596 tibi
247 3541 385 3597 victrices
401 3540 533 3598 fundent
548 3540 695 3598 libamina
709 3541 840 3615 cymbae.

113 3625 233 3680 Interea
250 3624 367 3682 tumulo
385 3643 557 3698 supremum
575 3625 632 3682 hoc
649 3627 751 3699 accipe
768 3643 897 3696 carmen,

113 3707 243 3765 Carmen
260 3709 349 3783 qnod,
369 3711 451 3767 tenui
467 3709 541 3768 dum
558 3710 655 3769 nectit
671 3709 823 3769 arundine
834 3710 954 3780 linum„
