2542 4102
154 190 193 247 66
403 184 508 234 ACTII
524 183 691 233 SYNCERI
707 183 944 233 SANNAZARII

625 353 719 412 Iolas.

199 475 256 531 llle
274 474 372 543 habet,
391 473 443 531 ille
460 492 542 530 meos
559 473 700 546 scopulus
716 472 792 528 mihi
809 479 907 528 servat
925 488 1040 529 amores

156 559 217 632 Qui
236 559 360 633 propior
379 567 474 614 terrae
492 566 535 614 est
545 575 553 629 3
575 556 661 613 illum
680 565 756 630 pete,
778 555 902 625 Glauce,
921 564 1037 627 natatu,

158 643 242 700 Neve
259 659 366 700 manus
383 642 452 700 duri
470 650 642 699 contemnat
661 641 738 698 Nisa
752 640 864 709 mariti,

158 728 261 784 Dicte
278 727 483 802 squamigeras
499 726 624 782 traxisse
642 724 680 782 ad
698 725 789 781 litora
805 723 942 798 praedas,

600 859 749 918 Chromis.

198 979 253 1036 Est
271 980 382 1035 Veneri
400 978 517 1052 Cypros
537 977 714 1052 gratissima,
733 976 826 1035 Creta
842 977 977 1034 Tonanti
1164 978 1202 1036 to

155 1065 328 1139 Junonique
347 1063 460 1129 Samos,
481 1062 621 1119 Vulcano
638 1063 770 1118 maxima
789 1061 937 1134 Lemnos3

155 1149 305 1205 Aenariae
319 1156 423 1221 portus
439 1146 541 1221 Hyale
556 1146 629 1203 dum
644 1145 773 1220 pulchra
787 1145 909 1215 tenebit,

157 1232 223 1289 Nec
241 1231 345 1289 Samos
363 1232 525 1287 Aenariam
543 1231 643 1287 vincet
660 1247 715 1286 nec
732 1231 865 1286 maxima
881 1229 1018 1288 Lemnos.
1038 1255 1042 1265 ·

628 1365 721 1423 lolas.

199 1482 351 1540 Gradivus
368 1483 540 1556 Rhodopen
556 1491 584 1539 et
603 1482 772 1538 Mercurius
789 1480 946 1556 Cyllenen,

156 1569 317 1643 Ortygiam
336 1567 464 1637 Phoebe,
482 1567 625 1623 Tritonia
641 1566 738 1640 jactat
755 1567 942 1640 Hymetton3

158 1653 234 1709 Nisa
253 1653 325 1709 colit
344 1651 513 1725 Prochyten
523 1669 531 1723 ;
553 1650 715 1724 Prochytes
733 1652 756 1706 si
774 1649 933 1707 commoda
949 1650 1060 1720 norint,

157 1737 316 1811 Ortygiam
335 1736 463 1802 Phoebe,
480 1736 620 1791 Tritonia
636 1735 755 1808 linquat
771 1734 949 1808 Hymetton.

602 1868 751 1927 Chromis.

199 1989 261 2044 Hic
276 2005 390 2061 specus,
406 1987 454 2044 hic
469 2005 557 2060 rupes
573 1986 767 2061 texendisque
782 1987 897 2059 optima
910 1986 1005 2042 nassis

157 2074 281 2129 Vimine
299 2081 377 2142 sunt,
396 2073 483 2146 junci
502 2072 669 2145 densaeque
688 2089 740 2144 per
759 2072 826 2127 avia
844 2080 959 2144 myrtus
970 2089 977 2142 ;

157 2157 189 2214 Si
207 2157 281 2213 mihi
298 2174 379 2214 nunc
399 2157 512 2214 Pholoe
529 2156 576 2212 vel
595 2165 713 2212 tanturn
732 2155 854 2214 Chloris
873 2154 997 2219 adesset,
1160 2157 1200 2213 80

157 2241 257 2314 Quam
272 2242 348 2298 bene
363 2258 516 2316 pugnaces
531 2258 648 2315 possem
665 2250 853 2297 contemnere
869 2248 982 2297 ventos

628 2372 722 2433 Iolas.

200 2493 297 2551 Nulla
314 2493 389 2550 mihi
407 2495 469 2550 sine
487 2503 515 2550 te
532 2493 632 2550 rident
649 2493 725 2562 loca,
744 2492 883 2565 displicet
901 2509 1021 2566 aequor,

158 2578 265 2636 Sordet
282 2589 369 2648 terra,
388 2578 467 2634 leves
485 2578 535 2635 odi
552 2595 620 2634 cum
637 2577 749 2635 retibus
766 2578 871 2634 hamos
881 2595 888 2648 3

157 2662 198 2719 At
219 2664 242 2718 si
262 2662 359 2719 aderis
379 2672 420 2725 tu,
443 2662 528 2730 Nisa,
550 2661 712 2734 placebunt
733 2662 842 2730 omnia,
863 2662 959 2717 lactus

158 2748 185 2802 Τ
187 2764 246 2803 unc
264 2765 318 2821 ego
336 2746 384 2802 vel
402 2747 522 2820 Libycis
541 2746 648 2820 degam
666 2746 798 2819 piscator
815 2746 943 2801 harenis.

603 2880 752 2938 Chromis.

201 3000 262 3055 Dat
278 2999 418 3056 rhombos
435 2999 584 3068 Sinuessa,
604 2999 747 3055 Dicarchi
764 2999 854 3056 litora
871 3017 989 3072 pagros,

159 3084 329 3140 Herculeae
348 3083 476 3141 mullum
497 3102 594 3157 rupes,
614 3084 797 3158 synodontas
817 3084 977 3156 Anialplris
988 3102 995 3155 3

160 3169 350 3233 Parthenope
367 3169 476 3226 teneris
493 3177 585 3224 scatet
602 3168 760 3224 ambitiosa
777 3167 886 3241 puellis
900 3187 905 3235 ;

159 3253 235 3325 Quis
252 3253 327 3309 mihi
343 3270 424 3310 nunc
441 3253 516 3309 alias
534 3254 661 3308 scrutari
679 3251 803 3308 suadeat
820 3253 925 3326 ulgus?
959 3314 961 3318 ,

629 3371 647 3426 I
651 3368 722 3426 olus.

202 3490 239 3544 ln
258 3488 356 3545 fluviis
375 3487 470 3559 mugil
490 3495 635 3552 versatur,
656 3504 761 3555 sarnus
780 3489 810 3542 in
829 3488 938 3555 herbis,
1159 3488 1199 3545 90

161 3573 294 3648 Polypus
313 3574 343 3630 in
363 3572 503 3645 scopulis,
523 3571 629 3628 mediis
648 3571 820 3628 melanurus
840 3573 870 3627 in
889 3571 978 3629 undis
989 3589 996 3642 ;

160 3659 239 3715 Ante
254 3667 329 3716 tuas⁴
345 3676 411 3714 mea
426 3657 512 3719 Nisa,
529 3655 610 3713 iores
626 3673 680 3727 ego
695 3673 810 3722 semper
826 3656 950 3727 oberr03

148 3742 238 3813 Quae
250 3742 332 3801 mihi
346 3741 400 3803 det
417 3741 492 3802 tales
507 3739 675 3820 jucundior
692 3739 795 3799 insula
808 3740 933 3816 portust
