2542 4102
112 184 149 243 50
483 182 778 236 turnonucrrou

109 355 143 414 ol
160 357 228 413 Ecl.
248 358 286 414 iv.
306 358 397 415 23-27
409 377 417 430 3
436 367 539 415 stanza
558 361 612 415 32:

241 522 320 570 What
336 522 399 570 herb
416 539 469 571 was
486 522 549 579 that,
565 540 597 571 on
614 524 698 572 which
714 524 757 573 old
775 524 890 573 Glaucus
907 525 1023 586 feeding‚

208 589 300 637 Grows
317 606 395 637 never
413 589 464 645 old,
482 591 528 638 but
546 607 603 638 now
623 591 664 639 the
683 592 747 651 gods
766 593 951 651 augmenteth?

109 742 144 884 pi
165 744 232 801 Ecl.
256 745 273 800 i.
297 745 399 802 45-48.
445 744 604 819 Compare,
628 746 700 817 also,
726 746 891 803 Fletcher's
915 745 1005 802 Latin
1029 748 1162 824 eclogue

137 846 207 884 urus
218 848 223 884 :

209 1009 273 1051 quae
291 1000 313 1040 te
330 993 470 1049 littoribus,
488 1010 552 1053 quae
571 1001 643 1042 tanta
659 994 820 1044 abstraxerat
835 994 923 1052 herba,

209 1060 314 1116 Glauce,
334 1061 456 1121 auxitque
475 1062 554 1109 deos?

152 1232 289 1291 Another
309 1232 343 1291 ol
365 1233 530 1290 Fletcher’s
549 1233 640 1290 Latin
659 1234 807 1308 eclogues,
829 1232 998 1308 Myrtillus,
1018 1234 1158 1294 borrows

111 1336 182 1391 very
200 1317 297 1392 freely
315 1317 396 1375 from
414 1317 606 1391 Sannazar03
626 1335 766 1392 compare
785 1319 861 1374 lines
881 1319 990 1376 20-23:

209 1505 253 1546 aut
269 1497 335 1546 levet
353 1499 409 1557 ipsa
425 1514 495 1546 meos
514 1499 624 1558 Daphne
641 1514 704 1558 quos
722 1499 811 1547 intulit
827 1499 908 1559 ignes,

209 1573 253 1613 aut
271 1567 292 1612 si
310 1567 373 1613 adeo
392 1566 494 1624 indigni
514 1582 611 1622 sumus,
631 1573 705 1625 atque
724 1567 845 1615 irasceris
863 1581 951 1626 usque,

210 1650 289 1692 usque
305 1634 369 1681 adeo
384 1632 496 1681 crudelis
513 1633 594 1682 Amor
609 1634 656 1682 sub
671 1641 773 1693 pectore
788 1635 880 1689 saevis,

211 1703 265 1757 has,
282 1719 381 1762 precor,
397 1703 444 1751 has
461 1703 598 1758 tumulum,
618 1703 763 1763 Nymphae,
780 1703 911 1753 concedite
928 1703 1057 1764 lymphas,

114 1838 184 1911 with
201 1854 269 1911 Ecl.
288 1856 328 1911 iii.
349 1855 458 1927 5053,
477 1856 553 1911 lines
571 1854 679 1913 2'7-29:

210 2019 306 2066 scilicet
324 2027 463 2078 expectem,
482 2020 584 2067 Damon
603 2020 665 2068 dum
684 2019 801 2068 lumidus
817 2019 890 2067 illam

209 2087 320 2145 excipiat
338 2086 447 2142 stabulo,
465 2086 610 2135 thalamove
628 2087 722 2134 iniecta
740 2087 860 2146 Myconis

214 2153 269 2211 (hei
286 2154 380 2213 mihil)
402 2153 534 2213 pisciculis
550 2155 633 2202 iussos
649 2155 743 2202 misera
759 2155 853 2202 induat·
867 2153 976 2203 hamos?

112 2326 185 2383 with
203 2325 271 2382 Ecl.
292 2328 309 2382 i.
331 2329 423 2382 24-28
434 2344 441 2398 ;
463 2325 539 2382 lines
558 2326 668 2385 37-40:

210 2524 261 2555 non
279 2524 319 2555 me
335 2514 451 2555 monstra
467 2507 546 2554 maris
563 2514 667 2562 terrent,
683 2507 808 2555 immania
823 2514 875 2554 cete

210 2591 328 2634 corpora,
345 2592 397 2623 non
413 2575 487 2622 curvi
505 2574 647 2633 delphines,
665 2591 716 2622 non
735 2582 787 2630 tua,
806 2574 908 2629 Proteu,

212 2642 330 2701 imperia,
346 2641 473 2689 informes
490 2642 586 2700 passim
603 2657 649 2701 per
665 2641 755 2689 littora
770 2642 882 2701 phocae;

210 2725 262 2758 non
279 2711 365 2770 ipsum
382 2717 468 2765 terret,
485 2710 589 2758 vincens
606 2727 654 2758 sua
669 2717 785 2758 monstra
801 2709 972 2769 profundum,

112 2880 186 2937 with
204 2880 272 2937 Ecl.
294 2881 311 2937 i.
334 2880 444 2952 72-75;
466 2879 526 2936 and
544 2880 621 2938 lines
639 2879 749 2938 84-87:

211 3060 251 3092 me
267 3060 367 3103 quoque
383 3045 435 3092 iam
449 3044 535 3104 primo
551 3044 638 3103 gelida
653 3044 701 3092 sub
716 3060 780 3103 rupe
794 3050 928 3091 canentem

211 3113 295 3160 audiit
310 3119 334 3159 et
351 3113 444 3160 teneris
460 3110 569 3159 indulsit
584 3112 700 3171 praemia
717 3111 801 3159 Musis

213 3179 343 3227 undarum
359 3179 451 3239 regina
465 3179 563 3234 Thetis,
580 3195 645 3239 quae
660 3179 765 3227 condita
779 3194 879 3226 mecum

212 3262 294 3302 servo,

115 3418 187 3474 with
203 3417 271 3476 Ecl.
289 3418 318 3475 ii.
336 3418 439 3475 41-46.

158 3503 194 3558 In
226 3503 276 3558 the
307 3501 372 3558 first
405 3501 529 3579 ‘ecloga
560 3500 718 3557 bucolica’
752 3499 785 3558 of
817 3500 951 3574 Joannes
983 3497 1159 3556 Leochaeus

115 3584 259 3645 Scotus⁵⁰
288 3586 338 3642 the
365 3585 474 3660 phrase
504 3584 699 3659 “populique
727 3583 874 3658 urbesque
901 3583 999 3639 valete
1012 3581 1028 3607 ''
1058 3599 1159 3640 comes

133 3748 274 3807 ⁵⁹stlurae
286 3751 403 3813 Prtfores,
418 3753 475 3804 sive
488 3753 647 3807 Poematum
661 3751 727 3804 Pars
743 3748 831 3804 Prior,
841 3745 971 3798 hundini,
984 3745 1057 3794 than,
