2542 4102
139 197 176 254 70
386 191 491 242 ACTII
507 190 673 242 SYNCERI
690 190 927 244 SANNAZARII

138 364 315 438 Virginibus
335 363 419 420 fama
438 373 481 420 est
500 364 648 420 abeuntes¹
661 381 734 420 saxa
752 364 878 434 carinas,

136 448 199 504 Aut
217 443 249 504 ut
267 446 391 504 terrifici
408 449 523 505 sonitus
540 449 700 522 ignemque
718 448 826 504 Vesevi

138 532 178 588 Et
197 531 347 589 desolatas
367 533 479 606 passim
498 531 650 589 defleverit
670 532 778 588 urbes?

179 616 334 673 Postremo
348 633 432 690 reges
446 633 609 691 regumque
623 633 659 673 ex
674 615 779 673 ordine
793 633 911 691 pugnas

138 699 313 769 Enumerat‚
334 699 466 775 bellique
485 708 563 756 artes
582 709 611 757 et
631 701 765 773 praemia
783 709 896 757 narrat.

136 783 233 840 Addit
247 785 346 840 tristia
359 783 433 854 fata,
448 793 476 840 et
491 793 519 840 te
534 801 623 859 quem
637 783 721 858 luget
736 783 911 858 ademptum

139 867 230 924 ltalia
248 866 358 923 infelix
382 867 458 941 (sive
476 868 507 924 id
526 869 626 943 gravis
643 869 690 925 ira
705 867 838 940 deorum,

136 953 195 1009 Seu
213 951 277 1008 fors
296 951 373 1009 dura
391 952 476 1026 tulit)
502 961 585 1008 trans
602 952 679 1008 altas
698 952 796 1009 evehit
815 952 919 1026 Alpes,

138 1036 213 1091 Mox
229 1036 292 1109 agit
310 1037 424 1092 (lceani
441 1053 535 1110 prope
551 1036 649 1106 litora,
665 1035 794 1111 denique
810 1037 888 1093 sistit

136 1119 333 1192 Spumantem
350 1119 387 1176 ad
406 1120 538 1193 Ligerim
556 1137 707 1194 parvaque
723 1120 852 1177 includit
869 1122 900 1176 in
916 1138 1001 1177 urna.

137 1204 209 1260 Heu
226 1214 336 1260 sortem
354 1203 564 1274 miserandam,
584 1205 642 1260 heu
659 1212 782 1278 pectora
799 1222 888 1261 caeca
906 1203 1019 1261 futuri!

138 1289 273 1344 Haecine
291 1298 320 1344 te
337 1287 449 1344 fessum
468 1288 558 1344 tellus
576 1297 710 1345 extrema
724 1289 865 1345 manebat

138 1372 289 1445 Hospitiis
308 1382 376 1445 post
396 1381 440 1428 tot
460 1382 614 1446 terraeque
632 1373 782 1447 marisque
801 1372 939 1429 labores?

136 1456 216 1512 Pone
233 1466 331 1512 tamen
348 1457 484 1529 gemitus,
500 1474 554 1511 nee
570 1466 598 1512 te
614 1464 808 1513 monumenta
823 1465 982 1530 parentum

135 1540 197 1597 Aut
215 1550 356 1597 moveant
375 1550 494 1613 sperata
513 1542 572 1598 tuis
590 1541 644 1597 tibi
662 1540 772 1597 funera
790 1542 898 1615 regnis

137 1624 233 1680 Grata
247 1626 330 1699 quies
346 1626 470 1698 patriae,
486 1624 537 1680 sed
553 1634 581 1681 et
594 1626 692 1682 omnis
707 1633 788 1681 terra
801 1624 982 1698 sepulerum.

177 1708 265 1764 Haec
283 1709 334 1765 ille
351 1718 379 1764 et
395 1727 470 1783 quae
486 1709 537 1764 vix
554 1708 658 1765 audita
675 1709 826 1782 prioribus
841 1710 928 1766 annis

136 1791 274 1848 Heroum
292 1792 441 1866 longaeva
453 1801 545 1867 queat
561 1794 730 1850 meminisse
748 1801 881 1850 vetustas

136 1875 360 1933 Commemorat
385 1876 482 1950 (socio
499 1876 682 1950 respondent
700 1894 832 1951 aequora
848 1876 972 1952 plausu)

137 1959 223 2016 Luna
240 1978 324 2017 suam
340 1960 436 2017 donec
453 1961 602 2034 paulatim
619 1960 748 2018 fundere
765 1961 862 2018 lucem

137 2044 245 2118 Coepit
263 2053 291 2101 et
309 2044 347 2101 ad
365 2046 475 2102 vitreas
493 2044 647 2102 redierunt
664 2046 791 2102 numina
806 2045 899 2104 sedes
